2580 4492
408 158 958 287 .·-tlo¹-

225 448 233 467 ,
311 374 387 463 Qua
411 384 450 449 in
474 400 586 472 parte·
603 390 666 452 rex'
689 384 825 473 adluit,
863 382 914 448 ihi
938 381 1158 468 aliquamdiu

216 492 406 546 certatum:
440 485 550 551 ueteri
575 502 696 550 omnes
721 485 835 570 primo
861 503 1035 548 concursu
1063 485 1158 569 pulsi

213 579 407 668 fugatique.
458 581 607 648 llomani
628 580 808 668 signorum
837 595 871 649 et
897 602 1072 646 armorum
1098 581 1162 647 ali-

130 682 133 687 ’
213 692 345 760 quanto
383 702 563 753 numero,
606 679 759 744 hostium
804 701 1000 766 paucorum
1042 678 1158 766 potiti

213 772 302 840 Nam
335 777 449 844 ferme
480 770 690 845 Numidas
673 797 711 866 ιιι
740 765 904 844 omuibus
929 777 1074 865 praeliis
1098 796 1158 864 pe·

110 894 113 935 ι
213 873 274 939 des
300 877 429 964 magis,
449 896 554 960 quam
571 895 664 942 arma
687 887 794 942 tutata
810 891 902 943 sunt.

12 982 24 1005 ⁸
142 978 184 1055 75
306 974 355 1037 Ea
378 974 463 1062 fuga
483 974 699 1064 Ju'gurtha'
689 975 882 1078 impensius
907 951 1014 1040 modo
1049 975 1155 1041 rebus

212 1067 283 1134 suis
310 1070 476 1137 diffidens
503 1096 585 1138 oum
610 1072 771 1165 perfugis
795 1085 830 1138 et
856 1073 954 1159 parte
982 1074 1159 1158 equitatus

209 1166 248 1229 iu
271 1169 500 1250 solitudines,
536 1173 640 1238 deiri
652 1171 802 1239 Thalam
826 1173 1005 1259 parvenit,
1030 1172 1070 1236 in
1097 1196 1158 1257 op·

211 1264 338 1350 pidum
372 1290 539 1358 maguum
573 1284 607 1336 et
645 1274 879 1360 opulentum,
903 1271 967 1337 uhi
992 1269 1160 1356 plerique

211 1363 394 1445 thesauri,
427 1364 655 1458 filiommque
699 1374 776 1452 ejus
816 1369 949 1436 multus
986 1367 1160 1455 pueritiae

116 1528 120 1538 ,
212 1465 327 1529 cultus
353 1479 437 1530 erat.

216 1627 220 1638 ,
309 1561 406 1641 Quae
431 1575 615 1649 postquam
635 1565 785 1655 Metello
812 1576 1010 1648 comperta,
1035 1574 1157 1648 quam·

209 1677 316 1757 quam
340 1661 434 1726 inter
458 1661 606 1727 Thalam
629 1664 834 1749 flumenque
850 1661 1065 1752 proximum,
1084 1681 1159 1743 spa·

96 1750 99 1754 ’
209 1759 258 1837 tio
284 1748 437 1824 millium
455 1761 742 1851 quinquaginta,
747 1761 825 1826 loca
847 1759 942 1829 arida
967 1771 1073 1842 atque
1099 1778 1154 1820 va·

211 1870 261 1922 sta
288 1879 361 1924 esse
386 1873 622 1957 cognoverat3
646 1873 763 1924 tamen
789 1851 850 1949 s'pe
871 1856 1032 1943 patrandi
1055 1853 1159 1933 belli,

212 1956 242 2020 si
268 1959 343 2037 ejus
370 1951 511 2042 oppidi
516 1959 648 2043 potitus
681 1956 792 2037 foret,
821 1952 935 2021 omnis
960 1954 1160 2039 asperitates

212 2055 468 2139 supervadere,
492 2074 533 2118 ao
559 2066 724 2123 naturam
740 2054 845 2121 etiam
869 2053 1012 2119 vincare
1038 2052 1160 2140 adgre-

210 2149 318 2215 ditur.

305 2246 420 2337 lgitur
441 2247 558 2328 omnia
577 2252 735 2329 jumenta
758 2245 903 2327 sarcinis
921 2249 1032 2314 levari
1048 2250 1158 2332 jubet,

210 2348 281 2414 nisi
306 2346 486 2415 frumento
520 2347 658 2410 dierum
693 2345 851 2413 decem:
881 2359 1040 2411 ceterum
1063 2361 1158 2416 utres

209 2445 336 2523 modo,
363 2457 397 2509 et
427 2444 496 2508 alia
520 2464 633 2531 aquae
647 2443 776 2508 idonea
801 2445 944 2529 portari.
971 2443 1162 2515 Praeterea

209 2541 389 2656 conquirit
404 2563 450 2607 οι
461 2541 581 2630 agris,
606 2563 724 2629 quam
734 2541 929 2656 phirimum
950 2556 1073 2628 potest,
1092 2545 1154 2609 do·
1177 2564 1179 2569 ·

125 2666 129 2675 ·
207 2640 286 2706 miti
309 2642 471 2726 peeoris,
492 2661 607 2725 eoque
623 2638 775 2726 imponit
791 2661 867 2708 vasa
886 2648 1060 2727 cujusque
1082 2666 1156 2708 mo·

208 2740 247 2805 di
257 2791 269 2827 ,
291 2740 463 2828 pleraque
479 2739 617 2829 lignea,
637 2740 786 2805 oolleota
806 2761 847 2807 ex
863 2741 1013 2830 tuguriis
1032 2735 1155 2807 Numi·

197 2837 344 2906 darum.
810 2882 813 2891 ·

304 2938 361 3003 Ad
383 2928 451 3000 hoe
474 2933 640 2999 finitumis
659 2933 826 3024 imperatu,
856 2937 919 3022 qui
938 2946 977 3003 ‘te
1003 2952 1080 3021 post
1097 2957 1149 2999 re·

82 3034 86 3042 '
207 3038 259 3126 gis
285 3037 405 3125 lugam
426 3031 574 3097 Metello
600 3022 790 3113 dederant,
818 3055 923 3120 quam
953 3033 1150 3119 plurimum

143 3143 146 3150 '
208 3135 358 3220 quisque
375 3152 487 3216 aquae
512 3143 707 3217 portarent,
726 3131 842 3210 diem,
859 3134 1070 3218 looumque,
1088 3133 1155 3197 ubi

87 3256 91 3263 ·
206 3244 344 3318 praesto
360 3229 494 3314 forent,
510 3229 695 3315 praediuit.
707 3272 709 3277 ,
721 3231 799 3318 lpse
815 3251 857 3296 ex
875 3231 1031 3312 flumine,
1044 3254 1151 3317 quam

128 3318 131 3323 ¹
207 3326 414 3414 proxumam
445 3329 576 3415 oppido
611 3350 738 3413 aquam
760 3345 864 3414 supra
889 3329 1061 3409 diximus,
1097 3333 1153 3409 ju·
1188 3411 1190 3415 ,

140 3416 143 3421 ’
210 3438 328 3492 menta
353 3442 486 3492 onerat.
510 3427 561 3492 Eo
586 3429 693 3493 modo
715 3427 906 3494 instructus
932 3429 976 3497 ad
1002 3413 1153 3501 Thalam
1198 3479 1199 3486 ι

207 3525 452 3612 proficiscitur.
746 3589 752 3597 ,

305 3622 440 3689 Deinde
465 3623 529 3687 ubi
547 3625 591 3690 ad
608 3624 647 3689 id
672 3623 746 3690 loei
769 3637 940 3714 vertum,
979 3652 1050 3714 quo
1076 3622 1160 3702 Nu),

207 3722 311 3811 midis
337 3735 564 3812 praeceperat
572 3735 646 3810 ,et
669 3734 777 3809 oastra
801 3724 912 3811 posita
942 3729 1148 3815 munitaque

504 4022 566 4170 &a
