2580 4492
1019 160 1025 193 i

530 244 581 266 -
654 216 727 287 rto
798 247 847 266 -

161 430 164 441 ·
267 448 269 453 -
354 394 657 487 ltaqueMariurn
681 418 834 487 propere
854 399 947 478 adit3
981 412 1056 468 acta
1077 402 1220 487 edocet,

259 490 510 587 hortatumab
527 518 567 563 ea
584 510 703 583 parte,
721 523 789 583 qua
809 498 886 584 ipse
911 502 1138 581 escenderat,
1162 526 1222 572 ca·

160 603 175 661 ’,
258 597 404 691 stellam
422 609 554 663 tentet:
577 597 771 689 pollicetur
785 619 861 664 sese
888 596 1024 665 itineris
1038 601 1221 686 periculi·

260 706 333 783 que
359 696 546 770 ducem&

270 796 273 805 '
357 794 493 863 Marius
518 815 600 889 curu
623 790 780 883 Ligure,
804 795 975 882 promissa
1011 798 1235 884 cognitum,

262 912 305 959 ex
322 894 566 980 praesentibus
584 892 698 959 misit:
724 916 876 981 quorum
898 895 951 958 uti
968 897 1142 978 cujusque
1161 897 1221 961 in-

248 996 407 1082 genium
441 1006 545 1074 erat,
580 991 628 1058 ita
656 1014 735 1058 rem
770 992 958 1060 difficilem
985 996 1051 1058 aut
1070 992 1223 1077 facilem

217 1106 221 1113 ’
259 1091 480 1167 nuntiavere.

150 1274 155 1283 1
265 1226 269 1231 -
361 1188 525 1257 Consulis
558 1191 695 1259 animus
715 1201 852 1257 ..tamen
868 1190 1040 1277 paullum
1067 1204 1223 1261 erectus.

257 1288 382 1378 itaque
404 1282 451 1354 'ex
473 1290 577 1376 copia
591 1289 794 1358 tubicinum
819 1303 855 1354 et
874 1288 1119 1379 comininum,
1150 1315 1224 1359 nu·
1263 1309 1270 1322 ²

258 1409 358 1454 mero
385 1380 547 1474 quinque
576 1412 684 1477 quam
715 1379 1156 1478 velocissumos‘delegit,
1184 1405 1223 1474 et

219 1548 221 1553 ,
259 1489 439 1565 cumbis,
466 1488 643 1572 praesidio
662 1488 724 1571 qui
749 1488 886 1567 forent,
919 1502 1070 1574 quatuor
1092 1505 1223 1559 centu·

258 1586 404 1650 riones·
430 1587 544 1650 omnis
561 1584 694 1676 Liguri
704 1605 829 1675 parere
848 1586 972 1677 jubet,
992 1600 1026 1650 et
1051 1588 1085 1649 ei
1107 1608 1224 1678 nego·

260 1685 308 1747 tio
335 1705 549 1774 proxumum
564 1684 661 1751 diem
687 1683 879 1751 coustituit.
972 1749 974 1754 ,
1022 1713 1023 1717 “

187 1791 234 1865 94
358 1783 428 1851 Sed
455 1783 518 1850 ubi
544 1805 586 1848 ex
609 1795 813 1873 praecepto
823 1774 972 1869 tempus
996 1781 1132 1869 visuru3
1157 1803 1224 1868 pa·

152 1872 155 1879 ¹
177 1903 184 1927 ¹
259 1883 343 1949 ratis
370 1877 645 1970 compositisque
669 1880 833 1948 omnibus
864 1881 909 1949 ad
940 1882 1062 1946 locum
1088 1884 1222 1968 pergit.

234 1978 236 1984 ’
264 2022 266 2026 .
359 1982 525 2053 Ceterum
543 1982 609 2063 illi,
630 1981 693 2066 qui
711 1980 888 2047 centuriis:
892 1991 1099 2066 praeerant,
1116 2001 1222 2063 prae·

262 2080 360 2145 docti
386 2080 428 2144 ab
453 2080 568 2158 duce,
594 2101 687 2145 arms
713 2092 950 2162 ornatumque
974 2092 1221 2159 mutaverant,

159 2180 161 2185 ’
263 2179 378 2265 capite
404 2191 509 2275 atque
535 2177 688 2270 pedibus
713 2176 854 2256 audis,
855 2175 912 2245 uti
933 2189 1139 2262 prospectus
1159 2178 1219 2238 ni·
1226 2205 1229 2210 ·

261 2287 393 2369 susque
418 2299 483 2365 per
507 2297 586 2345 saxa
601 2264 743 2344 facilius¹
767 2268 883 2343 iores·
872 2295 1006 2362 super
1030 2284 1127 2364 terga
1142 2271 1218 2362 gla-

148 2416 152 2423 ·
261 2379 315 2441 dii
341 2391 374 2443 et
406 2391 534 2458 scuta,
566 2398 690 2440 verum
720 2372 760 2439 ea'
785 2375 975 2442 Numidica
1005 2395 1047 2473 ex
1079 2373 1218 2455 coriis,
1262 2376 1267 2389 “

261 2460 432 2567 ponderis
465 2474 576 2568 gratia
607 2472 735 2553 simul,
762 2489 796 2537 et
829 2473 962 2538 offensa
998 2495 1071 2559 quo
1101 2472 1218 2565 levius

262 2588 474 2663 streperent

341 2673 471 2775 Igitur
493 2670 762 2764 praegrediens
769 2667 874 2761 Ligus
897 2691 997 2750 saxa,
1016 2682 1050 2735 et
1075 2670 1218 2754 siquae

190 2763 216 2773 ⁴'
240 2768 242 2773 ’
262 2785 431 2851 vetustate
450 2754 596 2838 radices
591 2770 843 2850 eminebant,
864 2769 1008 2854 laqueis
1027 2768 1217 2849 vinciebat,

267 2872 401 2960 quibus
424 2871 573 2940 adlevati
599 2867 739 2936 facilius
758 2869 1005 2942 escenderent

157 3028 164 3057 4
363 2972 545 3039 Interdum
564 2968 708 3033 timidos
722 2967 945 3046 insolentia'
934 2965 1092 3031 itineris
1088 2967 1216 3030 levare

263 3090 398 3136 manu:
422 3067 485 3134 ubi
509 3069 633 3154 paull‘o
650 3068 812 3153 asperior
815 3069 1030 3151 adscensus,
1057 3065 1217 3151 singulos

262 3190 349 3254 prae
372 3191 409 3236 se
434 3172 589 3236 inermos
622 3160 762 3233 mittere
771 3189 782 3246 ς
808 3166 939 3232 deindo
969 3165 1046 3252 ipse
1073 3179 1155 3229 cuns
1175 3164 1217 3227 il-
