2580 4492
517 188 814 256 -116-

194 418 198 425 =
255 359 409 445 advorsis
426 377 529 462 equis
546 362 778 467 concurrere,
799 373 987 457 implicare
997 397 1037 440 ac
1066 390 1205 461 pertur-

254 477 340 542 bare
365 475 496 541 aciem:
514 473 561 536 ita
587 472 759 556 expeditis
786 473 966 556 peditibus
984 475 1078 556 suis,
1097 479 1206 545 bestia

253 591 376 662 paene
394 575 503 639 victos
537 570 1085 637 dare..

183 670 259 754 60
346 670 483 739 Eodem
514 683 674 753 tempore
704 669 800 753 apud
832 670 971 734 Zamam
1003 629 1131 762 magna
1174 676 1209 739 ri

255 768 464 837 certabatur.
510 766 583 833 Ubi
610 766 763 879 quisquc
785 767 947 857 legatus,
971 786 1029 834 aut
1044 770 1215 842 tribunae

147 893 153 930 :
257 869 418 936 curabat:
444 891 487 934 eo
504 883 687 932 acerrume
712 863 801 930 niti·
792 887 938 952 ,neque
961 869 1082 935 alius
1071 891 1111 932 ιιι
1136 872 1207 937 alio

254 967 394 1056 magis,
423 988 530 1071 quam
548 965 587 1031 in
601 982 675 1029 sese
695 983 792 1061 spem
816 964 969 1031 babere:
990 968 1122 1055 pariter
1146 993 1208 1057 op·

255 1064 381 1152 pid‘ani
406 1087 530 1157 agere,
566 1058 793 1149 oppugnare,
822 1078 880 1128 aut
900 1085 1022 1148 parare
1043 1067 1207 1149 omnibus
1285 1113 1286 1116 =

175 1167 219 1176 “
256 1161 365 1229 locis:
394 1162 529 1231 aridius
549 1152 651 1227 alteri
666 1160 793 1225 alteros
818 1161 996 1242 sauciare,
1009 1186 1129 1253 quam
1154 1189 1209 1233 se·

106 1257 109 1264 ’
149 1299 152 1303 ·
256 1271 330 1327 met
351 1276 484 1352 tegere
510 1259 649 1326 Clamor
675 1260 868 1353 perrpixtus
886 1249 1111 1339 hortatione,
1137 1265 1210 1329 iae·
1251 1312 1255 1317 -

257 1358 363 1440 titia,
378 1358 532 1447 gemitu:
556 1360 643 1423 item
664 1358 834 1442 strepitus
863 1380 1040 1426 armorum
1063 1362 1107 1426 ad
1128 1385 1209 1428 eae·

257 1456 334 1520 ium
347 1459 466 1522 vferri:
496 1458 567 1521 tela
590 1455 772 1538 utrimque
785 1457 923 1543 roiate.
1032 1518 1038 1525 .

354 1554 424 1619 Sed
447 1555 524 1634 itti,
550 1554 613 1638 qui
634 1554 781 1627 moenia
796 1553 1044 1633 defensabant,
1061 1558 1125 1622 ubi
1148 1558 1212 1622 bo·
1242 1625 1247 1640 ‚

260 1663 337 1719 stes.
352 1653 556 1739 paullulum
583 1652 690 1717 modo
715 1673 870 1739 pugnam
900 1653 1128 1732 remiserant,
1157 1657 1215 1740 in·¹

259 1752 351 1815 tenti
387 1751 563 1837 praelium
592 1763 754 1836 equestre
781 1752 1064 1837 prospectabant.
1117 1749 1211 1830 Eos,

259 1848 314 1913 uti
330 1869 495 1935 quaeque
516 1848 710 1938 iugurthae
730 1869 785 1915 res
812 1862 928 1928 erant,
952 1849 1062 1915 laetos
1079 1851 1213 1934 modo,

259 1948 368 2013 modo
379 1947 522 2033 pavidos
537 1947 832 2014 animadverteres
851 1969 861 2004 z
886 1968 939 2037 ac,
948 1945 1052 2012 sicuti
1062 1947 1209 2015 audiria

262 2046 345 2124 suis,
356 2058 415 2111 aut
430 2038 708 2127 cerni'possent,
721 2063 867 2107 mouere
886 2044 959 2122 alii,
971 2044 1041 2109 alii
1052 2047 1183 2112 hortari
1198 2094 1208 2125 ‚

263 2155 323 2207 aut
345 2162 454 2205 manu
476 2140 674 2228 significare
696 2183 706 2217 ,
732 2149 791 2203 aut
816 2140 883 2204 niti
906 2141 1142 2232 corporibus,
1177 2159 1212 2208 et

261 2241 351 2318 buc,
376 2237 486 2319 illuc,
513 2235 614 2324 quasi
630 2234 833 2314 vitabundi,
854 2250 913 2303 aut
935 2240 1106 2319 jacientes
1129 2242 1210 2322 tela,

139 2322 144 2336 ⁸
261 2336 404 2426 agitare.
477 2374 480 2381 -
766 2368 769 2372 ·
998 2383 1004 2391 -

359 2434 465 2512 Quod
489 2433 552 2498 ubi
576 2432 689 2499 Mario
714 2429 896 2521 cognitum
926 2445 984 2500 est
993 2434 1137 2527 (nam'
1127 2459 1154 2503 rs
1167 2439 1210 2503 in

264 2557 304 2599 ea
330 2546 429 2616 parte
455 2530 615 2615 curabat)
642 2533 802 2597 consulto
820 2529 937 2600 lenius
953 2554 1080 2647 agere,
1089 2559 1129 2601 ao
1145 2537 1213 2600 dii·

262 2631 446 2696 fidentiam
466 2631 520 2695 rei
543 2629 728 2696 simulare:
751 2629 824 2713 pati
849 2624 1020 2698 Numidas
1053 2635 1130 2699 sine
1163 2647 1217 2700 tut

153 2798 156 2806 ,
262 2728 381 2794 multu
411 2730 505 2818 regis
543 2727 718 2812 praelium
742 2729 868 2795 risere.
919 2731 970 2797 tta
996 2730 1068 2796 illis
1087 2734 1213 2799 studio

261 2849 407 2895 auorum
427 2827 619 2902 adstrictis,
635 2839 782 2910 repente
804 2849 929 2916 magna
943 2829 976 2892 vi
996 2850 1139 2896 murum
1156 2833 1216 2896 ad·

269 2925 491 3018 gredituraet
499 2927 567 3002 jam
579 2923 682 3012 scalis
696 2922 850 3013 adgressi
860 2926 990 2991 milites
1001 2949 1112 3012 prope
1123 2952 1216 2996 sum·

196 3058 200 3069 ,
264 3045 320 3087 ma
339 3034 518 3106 ceperant,
538 3042 648 3107 quum
664 3021 833 3105 oppidani
861 3039 1098 3099 concurrunt,
1125 3027 1212 3113 lapi·

264 3119 348 3197 des,
367 3120 508 3207 ignem,
531 3118 597 3183 alia
621 3131 801 3203 praeterea
818 3122 920 3187 tela
910 3142 972 3185 ιιισ
950 3137 1089 3210 erunt.

360 3213 477 3279 Nostri
495 3218 609 3307 primo
637 3214 821 3325 resipere:
854 3219 1007 3300 deinde,
1040 3221 1102 3286 ubi
1121 3219 1240 3290 unae

184 3331 191 3346 “
264 3270 383 3398 atque
392 3315 522 3379 alterae
540 3314 656 3382 scalae
674 3300 933 3396 co'mminutae,
952 3319 1016 3404 qui
1038 3341 1212 3406 superste-

265 3423 406 3493 terant,
441 3412 573 3485 adflicti
596 3422 696 3494 tunt,
724 3415 829 3481 ceteri
855 3437 1000 3502 quoquo
1026 3423 1133 3487 modo
1149 3445 1213 3508 po
