2580 4492
497 243 545 260 -
626 213 695 288 ιιι
771 162 890 299 4·

247 467 251 472 ,
329 390 386 460 Sic
406 390 500 458 forte
524 401 682 465 correcta
697 391 804 461 Marii
822 389 1019 475 temeritas,
1035 389 1198 481 gloriam

135 520 145 537 ⁸
232 515 275 561 ex
301 496 405 579 culpa
431 490 580 557 invenit.

158 593 257 687 93,x

329 592 493 657 Ceterum
527 582 614 655 dum
647 611 687 657 ea
718 612 774 657 res
814 591 979 681 geritur,
1011 587 1050 654 L.
1083 587 1213 655 Suila'

199 691 398 771 Quaestor
419 712 506 755 cum
534 680 663 795 magno
688 691 846 778 equitatu
873 691 913 754 in
939 700 1045 756 eastra
1065 688 1187 751 venit.
1273 710 1275 717 ¹

122 871 128 876 ἱ
220 789 321 874 xquos
345 789 400 855 uti
430 811 471 855 ex
493 787 590 852 Latio
614 798 647 850 et
675 810 695 852 a
725 788 830 855 sociis
862 800 1025 878 cogeret,
1050 768 1188 855 Rornae

222 887 387 961 ¹relictus
405 901 491 960 erat
518 886 596 975 Sed
614 886 783 970 quoniam
803 889 889 953 tanti
906 887 972 952 viri
988 906 1043 949 res
1048 883 1186 950 admo·

230 989 329 1054 ιιιιίι·
354 988 525 1051 idoneum
549 974 662 1050 visum
698 998 774 1076 est,
803 985 994 1051 denatura
1010 984 1186 1068 cultuque
1274 1072 1276 1076 Ι

231 1089 309 1168 ejus
332 1085 456 1172 paucis
482 1083 618 1157 dicere
643 1079 779 1171 Neque
806 1084 902 1150 enim
927 1085 997 1150 alio
1022 1083 1104 1149 loco
1137 1082 1194 1147 ιιι·

198 1264 201 1268 .
228 1178 350 1250 Sullae
373 1183 480 1248 rebus
505 1160 639 1248 dicturi
657 1204 801 1250 sumus·
828 1199 864 1250 et
887 1181 927 1250 L
950 1181 1095 1267 Sisenna
1121 1203 1186 1269 ops

228 1289 334 1369 turne
360 1295 395 1345 et
415 1278 711 1370 diligentissume
734 1283 929 1375 omniurn,
944 1281 1007 1369 qui
1042 1300 1113 1349 eas
1125 1299 1184 1344 res

171 1450 176 1458 ,
228 1364 362 1454 dixere,
384 1391 634 1481 persequutus,
656 1402 784 1470 parum
799 1381 888 1479 mihi
906 1381 1022 1503 libero
1039 1400 1102 1445 ore
1128 1377 1183 1441 lo·

209 1495 361 1566 ‘quutus
392 1477 550 1541 ridetur
612 1516 615 1521 -
674 1522 678 1529 -

327 1575 439 1663 Igitur
461 1572 562 1640 Sulla
586 1577 701 1664 gentis
719 1576 915 1668 patriciae,
938 1576 1073 1640 familia
1098 1595 1183 1660 prof

226 1695 275 1771 pe
291 1675 363 1756 iam
384 1673 551 1738 exstincta
570 1677 746 1755 rusiorum
762 1673 920 1764 ignavia,
946 1672 1060 1738 literis
1075 1672 1184 1738 Grae·

179 1834 181 1843 ,
229 1775 279 1838 cis
299 1789 405 1858 atque
421 1768 581 1835 Latinis
569 1787 684 1854 Juxta,
708 1787 815 1859 atque
841 1770 1084 1850 doctissume,
1100 1791 1189 1855 eru5

199 1952 201 1956 .
229 1852 342 1958 ditus,
359 1871 476 1937 animo
494 1871 654 1958 ingenti,
675 1871 829 1962 cupidus
845 1870 1088 1966 voluptatum,
1114 1871 1182 1935 sed

150 3150 200 3239 96

208 1969 362 2058 'gloriae
388 1965 572 2055 cupidiore
586 1962 670 2051 ctio
682 1970 888 2043 luxurioso:
904 1981 1022 2035 tamen
1048 1970 1092 2034 ab
1117 1991 1180 2032 ne·
1166 1977 1222 2028 ·'.

211 2068 332 2157 ¹gotiis
359 2084 553 2150 numquam
574 2054 732 2153 voluptas
758 2080 952 2146 remorata,
983 2067 1053 2132 nisi
1083 2067 1181 2163 quod

227 2168 274 2228 de
303 2184 414 2227 uxore
437 2163 554 2248 potuit
582 2165 764 2238 honestius
786 2165 951 2231 consuli·
978 2165 1178 2258 facundus,

211 2261 396 2341 callidus,
414 2271 448 2326 et
474 2260 627 2339 amicitia
641 2246 773 2332 iactis-s
794 2265 839 2329 cd
854 2261 1051 2336 simulanda
1070 2281 1185 2362 nego-1

225 2362 273 2427 tia
299 2359 448 2425 altitudo
474 2359 614 2448 ingenii
635 2359 880 2428 incredibilis·
904 2356 1095 2449 multarum
1121 2381 1179 2424 re-

224 2435 326 2560 suin,
356 2478 396 2520 ao
417 2477 579 2520 maxume
604 2460 779 2541 pecuniae
806 2461 964 2573 largitor.

324 2557 444 2638 Atque
477 2553 697 2651 felicissumo
733 2558 893 2623 omniurn
922 2567 1014 2624 ante
1036 2556 1179 2623 civilem

132 2636 136 2642 ¹
225 2654 427 2730 victoriam,
454 2647 649 2738 numquam
672 2676 780 2763 super
805 2653 1014 2722 industriam
1036 2655 1179 2735 fortuna
1262 2652 1265 2659 ’

204 2734 318 2822 iuis:
351 2751 529 2839 multique
554 2741 781 2820 dubitavere·
804 2752 931 2819 fortior
952 2775 1003 2862 an
1033 2753 1180 2870 felicior

226 2867 605 2922 esset..
888 2899 892 2906 -

323 2935 412 3028 Nadr
425 2960 545 3036 postea
563 2971 653 3033 quac
678 2945 818 3031 iecerit,
838 2939 1013 3019 incertum
1032 2950 1178 3031 habeo,

224 3051 359 3152 pudeat
386 3052 520 3138 magis,
546 3071 589 3113 an
602 3051 726 3151 pigeat
751 3048 983 3116 disserere.
1227 3139 1231 3146 Ι

320 3149 435 3235 igitur
459 3149 582 3239 Sulla,
606 3162 645 3211 ut
671 3149 954 3233 supradictum,
990 3152 1182 3232 postquam
1217 3189 1221 3199 ·

175 3298 177 3303 ⁴
223 3248 264 3313 in
288 3247 446 3312 Africam
465 3265 576 3334 atque
608 3246 647 3309 in
674 3259 783 3312 castra
808 3246 914 3312 Marii
939 3267 1020 3311 cum
1040 3248 1181 3330 equita·
1269 3244 1271 3248 ⁴

222 3362 261 3410 tu
287 3346 410 3425 venit,
436 3346 539 3443 rudis
563 3356 662 3413 antea
690 3356 724 3407 et
746 3348 887 3434 ignarus
912 3344 1022 3421 beili,
1052 3345 1180 3410 solier-

220 3444 385 3521 tissumus
414 3446 574 3514 omnium
598 3446 635 3509 in
668 3446 792 3542 paucis
809 3443 1072 3545 tempestatibus
1104 3444 1179 3509 iac·

220 3556 364 3614 ιιιιιιι.
432 3635 433 3638 ¹
