2580 4492
493 265 546 321 '‘.
616 241 761 311 42-

204 421 306 486 citata
319 419 426 507 plebe
451 410 599 505 aliisque
609 428 783 485 ‘novarum
798 440 918 485 rerum
934 418 1054 497 avidis,
1062 424 1151 510 llip·

162 506 165 511 ¹
204 541 363 606 ponem,
397 518 651 585 Hadrumetum
670 517 843 604 ,Leptim
867 519 1024 604 aliasque
1051 523 1153 587 urbis

201 619 242 683 in
266 642 325 686 ora
339 617 511 686 maritima
536 617 748 683 condidere:
772 619 910 703 haeque
933 617 1032 682 brevi
1055 623 1151 685 mul·

199 729 277 782 turn
308 730 450 799 auctae,
481 738 560 804 pars
596 715 790 803 originibus
816 712 1019 800 praesidio,
1055 718 1148 783 aliae

201 815 323 882 decori
338 819 452 882 fuere.
491 815 580 880 Nam
597 815 643 881 de
664 812 868 904 Carthagine
886 815 992 880 silere
1017 813 1147 887 melina

105 944 108 949 ·
199 926 308 1000 puto,
336 937 441 999 quam
467 934 591 1001 parum
620 913 760 978 dicere·
786 913 952 1000 quoniam
972 912 1041 979 alio
1066 937 1152 1000 pro·

200 1033 328 1127 perare
367 1025 504 1101 tempus
545 1023 678 1077 monet.
1151 1026 1198 1101 1¹¹¹*

274 1110 385 1198 lgitur
398 1110 443 1176 ad
468 1108 726 1188 Catabathmon,
742 1110 803 1197 qui
822 1110 921 1176 loous
946 1111 1174 1199 Aegyptum

199 1207 242 1273 ab
271 1208 391 1273 Africa
416 1209 560 1289 dividit,
586 1208 742 1277 seeundo
766 1209 872 1286 mari,
897 1210 1009 1295 prima
1040 1208 1151 1296 Cyre·

198 1327 246 1371 ne
264 1320 332 1384 est,
350 1307 488 1374 colonia
503 1307 695 1389 Tbereon,¹
709 1327 748 1370 ae
769 1307 935 1394 deinceps
954 1309 1043 1374 duae
1064 1308 1147 1394 Syr·
1188 1322 1191 1326 ’

198 1421 270 1484 tes,
295 1404 542 1490 interqueeas
568 1405 685 1491 Leptis
693 1430 709 1484 3,
730 1406 815 1470 dein
839 1405 1014 1471 Philenon
1040 1429 1148 1489 arae,

197 1526 326 1588 quem,
360 1507 557 1593 Aegyptum
581 1526 720 1585 versus,
747 1506 854 1570 linem
871 1506 1013 1590 imperii
1032 1507 1148 1572 habu·

196 1622 257 1665 ere
282 1602 601 1692 Carthaginiensem
636 1615 715 1689 post
739 1603 831 1667 aliae
851 1601 1005 1670 Punicae
1024 1606 1147 1671 urbes.

293 1700 415 1766 Cetera
439 1703 516 1769 loca
540 1723 651 1787 usque
676 1701 721 1767 ad
742 1701 994 1783 Mauretaniam
1018 1699 1146 1767 Numi·

193 1797 261 1863 dae
298 1810 441 1889 tenente
466 1822 634 1886 proxume
663 1799 1008 1886 HispaniamNIauri
1041 1815 1147 1867 suut:

115 1886 120 1901 ¹
192 1917 298 1983 super
325 1896 528 1967 Numidiam
557 1898 720 1964 Gaetulos
744 1900 942 1986 accepimus
964 1901 1146 1988 partimin

113 2080 116 2093 Ι
191 1996 359 2083 tuguriis,
387 1998 472 2063 alios
492 1998 661 2078 incultius
681 2020 783 2085 vagos
808 1999 958 2085 agitare:
988 2011 1066 2084 post
1082 2020 1144 2064 eos

191 2093 382 2177 Aethiopas
404 2114 498 2157 esse:
516 2094 600 2155 dein
617 2093 694 2156 loea
713 2108 829 2157 exusta
848 2095 931 2157 solis
944 2090 1144 2163 ardoribus.¹

119 2174 123 2187 ⁸
292 2189 400 2278 lgitur
426 2191 524 2254 bello
549 2188 760 2278 Jugurthino
790 2191 962 2275 pleraque
996 2213 1037 2256 en
1072 2195 1143 2260 Pu.

193 2286 284 2353 niuis
320 2280 451 2375 oppida
488 2301 524 2355 et
549 2289 628 2354 finis
653 2287 1022 2376 Carthaginiensium,
1051 2315 1141 2378 quos

191 2386 389 2452 novissume
419 2386 648 2462 habuerant,
682 2389 834 2472 populus
862 2384 1038 2453 Romanus
1072 2415 1140 2477 per

187 2485 407 2573 magistratus
443 2484 728 2551 administrabat:
759 2487 986 2560 Gaetulorum
1011 2511 1139 2577 magna
1166 2527 1173 2541 ·

189 2604 267 2670 pars
301 2596 335 2646 et
364 2580 529 2648 Numidia
554 2600 667 2670 usque
694 2584 738 2647 ad
767 2584 900 2649 flumen
930 2585 1140 2656 Mulucham
1179 2598 1210 2611 ·“

189 2682 256 2749 sub
279 2681 449 2770 Jugurtha
477 2696 593 2761 erant3
617 2682 749 2747 Nlauri's
776 2683 938 2751 omnibus
966 2707 1026 2750 rex
1051 2687 1139 2759 Boe·

192 2783 276 2849 ebus
310 2781 554 2872 imperitabat,
591 2795 727 2866 praeter
752 2803 907 2862 nomen,
945 2796 1059 2848 cetera
1084 2789 1137 2875 ig·

189 2899 295 2944 narus
330 2880 455 2966 populi
484 2876 660 2950 Romani,
693 2879 849 2965 itemque
881 2882 984 2946 nobis
1014 2905 1135 2968 neque

189 2975 300 3056 hello,
325 2998 441 3063 neque
460 2997 548 3062 pace
573 2989 672 3040 antea
699 2981 871 3067 cognitus.
889 2968 939 3044 De
956 2980 1077 3048 Africa
1094 2997 1130 3046 et

190 3080 266 3156 ejus
292 3076 419 3140 incolis
438 3076 480 3138 ad
505 3074 803 3140 necessitudinem
821 3076 875 3142 rei
891 3077 972 3143 satis
988 3079 1133 3149 dietum.
1152 3074 1155 3079 ’
1191 3114 1195 3119 -

285 3172 500 3259 Postquam,
525 3195 634 3262 regno
654 3173 782 3247 diviso,
807 3176 914 3264 legati
928 3175 1047 3242 Afrioa
1064 3180 1135 3244 dis·
1172 3260 1177 3271 ι
1198 3222 1201 3227 -

190 3290 343 3350 cessere,
362 3283 397 3334 et
413 3272 581 3361 Jugurtha
601 3285 718 3337 oontra
735 3274 895 3338 timorem
911 3276 1018 3339 animi
1032 3299 1134 3360 prae·

186 3371 423 3458 miasceleris
450 3372 615 3455 adeptum
630 3390 705 3436 sese
725 3370 838 3450 videt3
864 3385 999 3437 certum
1023 3390 1130 3462 ratus,
1197 3412 1200 3417 ·

188 3469 284 3554 quod
321 3492 362 3533 ex
393 3470 511 3534 aminis
536 3471 629 3555 apud
656 3468 879 3534 Numantiam
912 3491 1126 3556 acceperat,

89 3612 92 3618 ,
188 3568 304 3633 omnia
338 3565 468 3632 Romae
496 3568 630 3632 venalia
656 3590 757 3650 esse3
782 3569 887 3632 simul
916 3585 952 3635 et
979 3571 1127 3638 illorum

185 3667 500 3751 pollicitationibus
536 3687 730 3747 aecensus,
769 3689 855 3750 quos
894 3670 1015 3754 paullo
1046 3689 1126 3737 ante

185 3766 391 3835 muneribus
417 3766 641 3853 expleverat,
674 3767 711 3832 in
736 3788 883 3854 regnum
919 3769 1125 3835 Adherbalis
