2626 4500
536 205 858 280 -2‚⁴-··

269 399 356 455 nes,
390 378 523 464 quibus
549 380 668 444 omnia
699 374 832 468 probro
854 401 894 444 ac
922 379 1057 442 luxuria
1082 381 1226 464 polluta

269 491 389 556 erant,
413 499 630 543 concurrere
646 481 686 543 in
709 496 818 546 castra
844 497 903 544 tua
915 504 940 564 z·
952 492 988 541 et
1009 495 1131 563 aperte
1143 483 1226 564 qui·

268 579 334 641 etis
357 594 529 654 mortem,
560 581 723 662 rapinas,
749 596 927 666 postremo
959 582 1100 657 omnia,
1127 603 1224 662 quae

268 693 437 761 corrupto
452 678 572 759 anigno
596 680 762 760 lubebat,
786 660 955 743 minitaii.

306 824 317 839 .
366 776 417 843 Er
436 777 516 860 quis
535 799 660 867 magua
684 799 785 864 pars,
813 781 877 843 ubi
896 797 1016 864 neque
1042 777 1225 842 creditum

269 876 496 954 condonare,
520 898 641 961 neque
663 882 709 942 de
736 880 891 956 civibus,
917 875 1021 941 sicuti
1039 877 1225 956 hostibus,

267 979 321 1039 uti
350 975 496 1054 vident,
522 977 724 1041 defluxere:
747 979 855 1065 pauci
880 978 1065 1053 restitere3
1091 977 1225 1059 quibus

265 1080 382 1155 majus
406 1077 519 1138 otium
534 1079 735 1171 incastris,
760 1100 867 1164 quam
881 1076 1034 1153 Romae,
1060 1075 1227 1141 futurum

267 1191 362 1252 erat,
388 1190 481 1239 tanta
508 1179 559 1242 ris
590 1178 809 1242 oreditomm
833 1175 1075 1263 impendebat.

368 1273 439 1338 Sed
455 1277 502 1337 ob
526 1270 670 1342 easd'em
697 1299 818 1343 causas
846 1279 1001 1340 immane
1028 1275 1128 1335 dictu
1153 1285 1226 1352 est,

269 1377 417 1457 quanti,
441 1391 477 1440 ct
496 1401 603 1462 quam
619 1376 725 1441 multi
740 1378 907 1442 mortales
921 1390 1044 1459 postea
1063 1375 1106 1436 ad
1122 1373 1230 1438 Pom·

268 1476 392 1558 pejum
419 1476 663 1540 discesserint:
701 1499 817 1560 eoque
847 1499 914 1560 per
939 1495 1045 1537 omne
1082 1488 1229 1557 tempus

270 1573 361 1633 belli
382 1577 484 1655 quasi
507 1575 622 1653 sacro,
645 1590 753 1661 atque
771 1574 962 1660 inspoliato
979 1574 1065 1636 fano
1084 1575 1229 1638 debito·

267 1693 325 1736 res
358 1673 426 1737 usi.

196 1779 219 1846 4
368 1773 497 1860 igitur,
522 1772 786 1855 quoniamltibi
811 1771 939 1836 iictori
969 1771 1016 1833 de
1042 1771 1143 1835 bello
1176 1789 1229 1836 at·

269 1893 341 1955 que
359 1895 447 1961 pace
472 1873 677 1961 agitandum
706 1885 780 1934 est:
803 1874 873 1935 boc
897 1872 951 1933 uti
977 1870 1130 1934 civiliter
1160 1873 1226 1934 de·

267 1970 404 2063 ponas,
425 1973 490 2034 illa
502 1984 542 2034 ut
561 1994 667 2054 quam
679 1971 891 2047 justissima,
916 1985 952 2032 et
970 1969 1141 2034 diuturna
1159 1972 1227 2034 sit:

270 2072 318 2130 de
343 2087 378 2133 te
411 2071 490 2155 ipso
515 2073 692 2154 primunr,
718 2070 782 2152 qui
806 2091 848 2132 ea
876 2067 1137 2151 compositurus
1163 2091 1227 2147 es,

268 2170 368 2252 quod
386 2183 570 2252 optumum
591 2169 691 2232 factu
716 2183 789 2243 est,
813 2169 993 2230 existumo.
1043 2166 1227 2250 Equidem

269 2288 337 2352 ego
361 2283 498 2349 cuncta¹
522 2269 673 2352 imperia
698 2267 882 2342 crudelia,
922 2266 1034 2352 magis
1070 2267 1226 2342 acerba,

269 2388 376 2447 quam
411 2369 601 2442 diuturna,
637 2365 812 2442 arbitror3
846 2385 965 2445 neque
1002 2387 1224 2447 quemquam

268 2464 390 2526 multis
412 2468 645 2527 metuendum
665 2484 768 2537 esse,
795 2464 885 2544 quin
908 2464 1051 2524 adeum
1068 2486 1108 2525 ex
1128 2465 1226 2525 mul·

268 2564 314 2622 tis
332 2562 487 2625 formido
515 2565 667 2627 recidat:
694 2583 770 2624 earn
797 2563 904 2624 vitam
936 2561 1074 2622 bellum
1107 2577 1226 2624 aeter-

268 2676 475 2745 nnmatque
501 2685 631 2746 anceps
655 2682 799 2746 gerere,
825 2659 994 2744 quoniam
1020 2682 1142 2741 neque
1157 2662 1224 2722 ad·

268 2780 411 2836 versut,
435 2783 554 2846 neque
582 2764 623 2823 ab
640 2775 760 2845 tergo,
785 2773 845 2819 aut
861 2759 1031 2821 lateribus
1045 2772 1141 2822 tutus
1154 2762 1225 2838 sis,

270 2879 411 2943 semper
426 2859 465 2920 in
491 2859 676 2944 periculo,
704 2874 763 2919 aut
786 2871 884 2919 metu
904 2857 1026 2942 agites.

367 2959 495 3020 Contra
522 2959 584 3041 qui
605 2957 821 3041 benignitate
842 2969 875 3016 et
897 2956 1088 3017 clementia
1106 2956 1224 3039 impe·

266 3056 361 3117 rium
383 3073 643 3139 temperavere,
668 3058 722 3116 tis
749 3056 839 3116 laeta
868 3069 902 3116 et
928 3055 1224 3118 candi-troarno

267 3156 361 3234 risa3
387 3156 491 3217 etiam
507 3158 623 3218 hostes
649 3154 855 3234 aequiores,
883 3176 988 3235 quam
1013 3155 1092 3215 aliis
1111 3155 1226 3226 eires.

364 3258 420 3313 An
447 3255 510 3334 qui
532 3276 590 3315 me
616 3253 670 3315 bis
686 3252 790 3314 dietis
817 3267 1061 3334 corruptorem
1079 3251 1226 3314 victori·

266 3372 307 3413 ae
343 3364 445 3421 tuae,
481 3353 659 3431 nimisque
690 3351 729 3412 in
767 3349 876 3412 rictus
911 3350 1005 3417 bona
1038 3351 1230 3413 voluntate

265 3450 498 3533 praedicent?
533 3451 678 3511 Scilicet
705 3449 804 3531 quod
832 3470 899 3519 ea,
934 3470 1026 3530 quae
1069 3452 1229 3513 externis

265 3546 489 3634 nationibus,
514 3561 638 3610 natura
655 3545 757 3607 nobis
779 3546 959 3622 hostibus,
984 3569 1124 3630 nosque
1152 3572 1230 3612 nra·

265 3648 429 3726 ioresque
454 3645 563 3707 nostri
587 3665 691 3728 saepe
712 3641 890 3720 tribuere,
918 3667 959 3707 ea
986 3647 1232 3709 titilusdan·

270 3743 315 3802 dr
343 3741 493 3803 arbitror
502 3768 512 3816 ς
551 3764 670 3826 neque
695 3741 881 3806 barbarico
907 3745 979 3806 ritu
1005 3745 1117 3807 crede
1145 3765 1232 3808 cae·

273 3840 373 3916 dem,
398 3852 433 3903 et
458 3842 630 3928 sanguine
658 3839 867 3928 sanguinem
892 3843 1075 3930 expianda.
