2580 4492
183 413 187 418 .
272 361 416 443 Quare
405 360 513 452 igitur
528 375 623 429 tanto
642 350 782 450 agmine
799 368 904 444 atque
929 359 1053 425 animis
1072 363 1131 455 in,

38 458 48 465 ”
78 537 85 547 ,
175 458 298 525 cedit?
324 461 406 546 quia
429 463 606 528 secundae
632 480 688 524 rer
713 462 804 524 mire
830 470 912 522 sunt
940 459 1032 524 vitiis
1063 461 1131 523 ob·

49 590 54 604 ι
156 560 309 639 'tentui5
335 559 463 644 quibus
497 558 746 636 labefactatis,
783 580 888 641 quam
913 557 1127 624 formidatur

173 672 275 723 antea
306 672 375 737 cst,
403 672 474 725 tam
497 672 765 725 contemnetur.
790 657 859 720 uisi
886 656 977 720 forte
1004 659 1129 742 specie

174 758 386 822 concordiae
407 772 441 822 et
463 760 582 844 pacit,
609 777 702 841 quae
726 755 855 823 sceleri
876 765 911 819 ct
929 755 1126 865 parricidio

172 873 237 921 suo
262 855 405 920 nomina
432 857 576 920 indidit·

116 1036 119 1044 Ι
270 951 398 1038 Neque
431 955 532 1021 aliter
565 953 702 1041 populo
733 947 891 1017 Romano
924 973 999 1017 esse
1034 952 1141 1020 belli.

171 1053 299 1130 finem,
324 1054 393 1131 ait,
417 1055 486 1118 nisi
502 1063 649 1119 maneat
664 1056 666 1060 ‘
682 1053 825 1137 expulsa
847 1052 939 1140 agria
973 1050 1089 1136 plebia
1117 1097 1130 1132 ‚

67 1179 73 1190 ⁴
170 1152 303 1265 praeda
337 1151 450 1217 civiiis'
475 1151 726 1229 acerbissuma3
757 1153 840 1229 jus,
875 1148 1137 1235 judiciumque·

19 1323 22 1326 ‚
167 1251 334 1347 ,omnium
355 1272 476 1334 rerum
498 1271 609 1336 penes
633 1256 694 1328 ¹ae,
721 1249 819 1334 quod
847 1247 975 1336 populi
998 1247 1132 1316 Roma·

98 1405 101 1409 .
168 1339 209 1410 n'i
236 1347 320 1412 tuit.
635 1366 638 1373 ·

123 1455 144 1519 8
268 1447 393 1526 Quae,
428 1447 458 1513 si
483 1448 581 1512 vobis
605 1468 671 1532 pax
698 1458 732 1510 et
757 1440 948 1512 concordia
981 1445 1125 1509 intelle-

170 1554 313 1641 guntur,
340 1567 498 1610 maxuma
522 1542 743 1610 turbamenta
768 1544 991 1629 reipublicae
1015 1556 1125 1629 atque

85 1667 88 1673 ·
139 1658 143 1663 ·
169 1642 272 1708 exitia
299 1639 462 1746 probate?
488 1643 634 1716 annuite
660 1642 799 1732 legibus
824 1641 1016 1728 impositis:
1032 1644 1128 1708 acci-

166 1738 242 1824 pite
269 1743 393 1807 otium
405 1764 487 1807 cum
510 1742 677 1807 servitio:
704 1756 741 1805 et
763 1741 890 1805 tradite
919 1742 1128 1826 exemplum
1169 1824 1171 1828 ,

167 1842 334 1923 posteris
344 1841 387 1906 ad
408 1843 587 1926 populum
608 1837 801 1905 Romanum
828 1840 905 1904 suin
924 1854 957 1905 et
980 1839 1125 1961 sangui·

168 1938 225 2002 uia
251 1939 418 2004 mercede
451 1940 814 2004 circumveniendum.

256 2039 376 2116 Mihi,
403 2055 616 2123 quamquam
635 2060 703 2121 per
726 2039 788 2102 hos
807 2022 986 2100 summum
1010 2015 1126 2121 irnpe-
1170 2043 1174 2047 ’

71 2150 73 2155 “
165 2130 261 2205 rium
277 2138 357 2200 satis
380 2136 577 2219 quaesitum
598 2147 671 2200 erat
686 2135 823 2199 nomini
840 2139 1029 2224 majorum,
1045 2135 1124 2224 dig-

111 2282 117 2293 .
166 2234 291 2313 nitati,
316 2250 421 2319 atquc
448 2236 565 2299 etiam
583 2234 783 2320 praesidio,
807 2245 926 2298 tamen
949 2232 1124 2319 nonfuit

165 2335 356 2399 consilium
380 2335 528 2418 privatas
555 2352 640 2418 opes
664 2325 806 2410 iacere,
831 2332 1020 2416 potiorque
1049 2330 1122 2398 visa

166 2443 219 2496 cst
241 2431 441 2518 periculosa
466 2432 630 2509 libertas,
657 2432 778 2513 quieto
805 2430 958 2492 servitio.

266 2529 364 2607 Quae
390 2528 626 2615 timebatis,
651 2529 770 2594 adeste
794 2524 989 2606 Quirites,
996 2537 1033 2590 et
1057 2518 1177 2593 be·

164 2647 212 2692 ne
236 2626 459 2707 juvantibus
473 2629 553 2703 dia,
591 2627 645 2699 M.
676 2625 892 2692 Aemilium
900 2625 1118 2707 Consulem,

164 2726 294 2792 ducem
320 2737 355 2790 et
373 2740 553 2794 auctorem
578 2725 770 2840 sequimini
796 2726 840 2792 ad
865 2724 1119 2814 recipiundam

34 2846 38 2852 ·
129 2882 131 2887 .
164 2814 375 2897 libertatem.
