2580 4492
509 221 752 299 ..44-

218 400 373 465 animum
398 400 560 465 intendit.
586 399 661 486 lpse
688 421 788 479 acer,
813 397 1025 464 bellicosus:
1051 412 1086 463 at
1111 400 1165 481 is,

218 519 324 580 quem
364 499 522 585 petebat,
548 501 714 584 quietus,
738 499 911 575 imbellis,
935 497 1074 582 placido
1108 500 1166 563 in·

215 600 354 685 genio,
388 613 604 681 opportunus
639 596 816 676 injuriae,
841 604 999 661 inetuens
1030 597 1165 685 magis,

179 700 182 709 “
215 717 319 780 quam
345 698 565 762 metuendus.
585 697 693 783 Igitur
717 713 757 757 ex
776 694 962 778 improviso
980 697 1058 759 linis
1084 700 1165 775 ejus

217 815 298 861 cum
329 815 452 883 magua
488 816 593 857 manu
635 793 789 858 invasitt
832 791 959 857 multos
1002 794 1164 861 mortalis

214 915 296 959 eum
332 911 462 977 pecore
495 906 597 976 atque
628 893 693 955 alia
718 891 846 975 pracda
865 893 973 974 capit,
1001 893 1164 958 aedtnota

213 992 398 1076 incendit,
427 990 596 1073 pleraque
622 988 710 1054 'loca
739 990 910 1052 hostiliter
950 1013 1028 1054 eum
1059 990 1166 1075 equi·
1212 1040 1221 1057 .

215 1102 289 1153 tatu
320 1088 467 1167 accedit.
512 1087 601 1149 Dein
632 1110 713 1151 eum
746 1088 842 1152 omni
867 1088 1093 1153 multitudiue
1121 1090 1163 1153 in

154 1220 157 1225 ·
212 1208 364 1275 regnum
389 1176 498 1249 suum⁵
508 1187 694 1263 convertit,
714 1185 920 1251 existumans
938 1189 1060 1250 dolore
1080 1209 1164 1269 per·

215 1297 350 1353 motum
376 1283 611 1348 Adherbalem
629 1284 783 1365 ‚injurias
814 1306 888 1349 suas
914 1307 1019 1349 manu
1046 1282 1162 1349 vindi·

214 1397 392 1460 catorum,
415 1380 562 1467 eamque
589 1402 662 1445 rem
687 1381 773 1445 belli
797 1404 933 1446 causam
952 1384 1041 1448 iore.

310 1484 356 1546 At
379 1480 444 1543 illc
471 1481 564 1563 quod
580 1500 697 1563 neque
714 1500 750 1543 se
771 1502 890 1564 parem
910 1482 1011 1546 ermis
1033 1480 1163 1545 existu-

213 1579 348 1654 mabat,
375 1589 409 1642 et
434 1577 583 1643 amicitia
601 1576 724 1662 populi
748 1577 896 1641 Romani
914 1581 1033 1667 magis,
1052 1600 1164 1662 quam

214 1674 377 1741 Numidis
402 1675 515 1741 fretus
538 1686 630 1755 erat3
661 1675 792 1762 legatos
811 1675 855 1739 ad
881 1677 1085 1764 Jugurtlraru
1111 1678 1160 1741 de

214 1773 353 1855 injuriis
369 1788 529 1857 questum
554 1775 667 1837 misit:
689 1775 750 1855 qui
776 1776 909 1839 tametsi
929 1775 1164 1839 contumelio·

213 1866 249 1939 sa
271 1873 363 1936 diota
389 1874 592 1950 retulerant,
608 1869 704 1953 prius
730 1886 846 1936 tannen
862 1874 976 1937 omnia
1002 1873 1073 1958 pati
1098 1872 1164 1935 de·

216 1972 355 2049 crevit,
389 1994 493 2055 quarn
526 1968 662 2032 bellum
687 1992 843 2035 sumeret
870 1972 952 2058 quia
988 1983 1164 2047 tentatum

216 2083 315 2134 antea
347 2087 447 2129 secus
481 2081 638 2128 cesserat.

311 2159 436 2246 Neque
469 2177 584 2227 tamen
611 2182 653 2222 eo
678 2160 786 2247 magis
811 2162 941 2244 cupido
967 2164 1163 2248 Jugurtbae

214 2260 462 2327 minuebatur:
498 2259 630 2344 quippe
663 2260 725 2343 qui
758 2272 869 2322 totum
905 2262 979 2340 ¹ejus
1010 2282 1162 2347 regnum

216 2362 333 2426 auimo
363 2361 431 2437 jam
458 2359 639 2431 invaserat,
691 2356 810 2441 ltaque
835 2379 935 2431 uon,
961 2372 999 2447 ut
1027 2372 1162 2443 antea,

216 2482 296 2523 cum
337 2457 553 2541 praedatoria
593 2478 724 2530 mareu,
760 2456 819 2519 sed
848 2479 974 2541 magno
1004 2457 1160 2521 exercitu

218 2570 431 2642 comparato,
457 2556 590 2619 bellum
609 2574 731 2643 gerere
752 2557 878 2638 coepit,
905 2568 940 2616 et
965 2571 1084 2638 aperte
1109 2569 1163 2620 to·

215 2656 284 2718 tius
311 2653 496 2718 Numidiae
527 2653 713 2738 imperium
742 2666 875 2736 petere.
902 2652 1065 2716 Ceterum
1091 2672 1161 2736 qua

215 2751 401 2841 pergebat,
427 2753 545 2829 urbia,
572 2773 669 2839 egros
697 2766 844 2829 vastate,
870 2753 1013 2835 praedae
1039 2771 1157 2838 ageret

128 2855 135 2869 '
217 2852 288 2916 suis
314 2852 677 2928 animum,terrorern
695 2850 849 2914 hostibus
870 2871 1011 2938 augere.
1050 2896 1056 2903 -

314 2948 573 3023 Adherbal-ubi
588 2946 790 3035 intellegit„
808 2971 850 3012 eo
868 2969 1086 3033 processum,
1108 2945 1177 3033 uti·

134 3120 146 3143 1
201 3069 364 3132 reguum
391 3047 747 3130 aut'relindlrendum
767 3062 873 3123 esset,
900 3061 957 3109 aut
979 3043 1080 3109 armis
1106 3065 1160 3107 re·
1215 3056 1219 3065 ’

130 3140 133 3145 ’
216 3145 430 3221 fluendum,
466 3146 658 3209 necessario
686 3145 801 3228 copias
829 3157 945 3227 parat,
974 3157 1007 3206 et
1033 3143 1177 3227 Jugur·.

215 3245 295 3307 thae
331 3242 451 3305 obvius
488 3245 659 3327 procedit.
699 3242 841 3307 interim
875 3242 966 3306 harad
1000 3242 1107 3326 longe
1141 3261 1161 3303 a

216 3341 328 3418 mari,
354 3361 462 3424 prope
486 3341 617 3404 Cirtam
635 3342 804 3426 oppidum
829 3340 1012 3423 utriusque
1039 3358 1162 3401 conse·
1216 3376 1220 3381 -

218 3439 269 3501 dit
290 3427 481 3504 ciereitus:
500 3453 533 3501 et
550 3441 631 3522 quia
658 3442 716 3502 die
735 3452 925 3503 extremum
951 3448 1044 3514 erat,
1063 3455 1163 3520 prae·

216 3537 304 3601 lium
332 3559 403 3601 non
419 3538 609 3620 inceptum.
637 3536 705 3604 Ubi
724 3538 934 3625 plerumque
960 3533 1162 3621 noetispro·

217 3634 339 3718 cessit,
363 3633 511 3703 obscuro
539 3634 736 3704 etiamtum
761 3635 919 3716 lumine,
948 3635 1076 3702 militet
1101 3634 1164 3700 Ju-
