2580 4492
517 224 803 305 μήθ..

213 413 401 505 ‘gurtbini,
427 412 528 503 signo
547 414 652 492 dato,
674 424 782 477 castra
806 413 959 477 hostium
977 413 1173 500 invaduut3

224 512 451 580 semisomnos
477 512 629 599 partim,
666 510 751 574 alios
787 533 879 577 arma
913 525 1088 577 sumentes
1116 516 1175 578 iu·
1242 528 1245 533 '

217 625 309 699 ‘gant
334 609 578 696 funduntque:
604 609 785 673 Adherbal
813 632 893 675 cum
918 612 1040 693 paucis
1070 614 1172 695 equi·
1220 618 1242 689 ,“

158 716 161 723 ’
224 709 316 772 tibus
346 706 477 773 Cirtam
498 708 675 794 profugit,
705 720 738 771 et
762 707 800 771 ni
825 707 1015 772 multitudo
1039 721 1174 797 togato·

214 828 299 870 rum
325 805 469 884 fuisset,
491 827 580 890 quae
602 800 769 869 Numidas
792 805 1018 891 insequentes
1037 809 1175 871 moeni·

219 903 285 969 bus
310 901 511 987 prohibuit,
534 906 605 968 uuo
632 905 691 967 die
710 905 802 966 inter
827 905 915 981 duos
933 901 1045 994 Reges
1068 927 1175 992 coep·

220 1015 296 1063 tum
319 1013 424 1085 atque
449 1013 621 1084 patratum
645 1001 783 1066 bellum
803 1001 906 1068 foret.

316 1098 427 1187 igitur
450 1099 623 1187 Jugurtha
653 1099 824 1186 oppidum
845 1101 1094 1175 circumsedit,
1120 1101 1172 1167 ri·

224 1195 302 1261 neis
320 1182 545 1283 turribusque
563 1214 598 1262 et
620 1198 791 1264 machinis
818 1200 977 1263 omnium
996 1220 1174 1287 generum

221 1315 421 1383 expugnare
453 1296 673 1385 adgreditur:
697 1316 865 1389 maxume„
885 1297 1054 1363 festinans
1080 1311 1171 1367 tem·

216 1413 283 1477 pus
302 1393 498 1481 legatorum
513 1409 741 1480 antecapere,
767 1417 876 1479 quos,
891 1411 969 1460 ante
990 1396 1172 1481 praelium

217 1488 370 1569 iactum,
390 1487 534 1555 Romam
556 1493 598 1559 ab
619 1492 818 1557 Adherbale
833 1492 954 1559 missos
975 1486 1183 1560 audiverat.¹

317 1588 386 1652 Sed
412 1603 597 1676 postquam
623 1591 767 1654 Senatus
785 1591 830 1652 de
847 1591 946 1654 bello
963 1613 1084 1655 eorum
1110 1615 1169 1657 ac·

220 1683 334 1770 cepit,
360 1701 430 1752 tres
458 1689 702 1754 adolescentes
727 1688 765 1751 in
790 1688 946 1753 Africam
970 1690 1162 1776 legantur,

217 1785 280 1866 qui
314 1787 414 1849 ambo
446 1783 560 1874 Reges
591 1788 746 1860 adeant,
783 1785 928 1853 Senatus
964 1788 1166 1872 populique

205 1876 364 1948 'Romani
396 1883 509 1949 verbis
542 1886 737 1962 nuntient,
774 1885 900 1964 „Velle
927 1898 961 1949 et
991 1906 1164 1963 censere,

122 2049 126 2056 A
220 1976 301 2059 „eos
327 1983 370 2045 ab
388 1982 500 2046 armis*
516 1983 725 2047 discedere:
754 1983 798 2059 de
826 1983 1065 2048 controversiis
1093 1982 1167 2049 suis

214 2081 312 2156 „jure
338 2079 454 2164 potius
479 2099 583 2161 quam
606 2077 704 2141 bello
732 2077 948 2165 disceptare:
972 2082 1021 2144 ita
1047 2100 1183 2167 seque¹

212 2173 377 2259 „illisque
406 2173 551 2265 dignum
570 2175 680 2246 fore.“

282 2344 285 2351 ,
316 2270 436 2363 Legati
452 2275 490 2337 in
504 2273 660 2338 Africam
685 2283 895 2339 maturantes
925 2268 1090 2351 veniunt,
1118 2295 1162 2341 eo

130 2404 133 2409 ·
215 2369 343 2461 magis,
377 2374 473 2455 quod
496 2366 655 2449 Romae,
691 2372 776 2435 dum
805 2371 979 2457 proficisci
1005 2388 1160 2456 parant,

213 2469 259 2532 de
283 2470 417 2556 praelio
435 2470 528 2532 facto
548 2481 581 2531 et
607 2472 869 2558 oppugnatione
896 2468 1010 2534 Cirtae
1036 2472 1158 2536 andie-

211 2564 325 2644 batur,
344 2568 406 2632 sed
429 2567 459 2632 is
476 2589 597 2631 rumor
622 2568 778 2634 clemens
804 2580 887 2634 erat.
914 2569 1071 2648 Quorum
1095 2570 1157 2632 Ju·
1233 2578 1237 2585 '

126 2657 133 2672 '
212 2669 337 2752 gurtha
363 2680 505 2752 accepta
529 2667 693 2730 oratione
710 2667 909 2752 respondit:
924 2665 1020 2749 „Sibi
1038 2687 1158 2751 neque

211 2764 342 2845 „majus
381 2764 599 2848 quidquam,
637 2785 755 2848 neque
794 2765 906 2830 carius
951 2763 1157 2841 auctoritate

210 2862 368 2944 „Senatiz
393 2863 436 2926 ab
462 2863 696 2926 adolescentia
721 2862 768 2927 ita
794 2864 944 2947 enisum,
960 2863 1012 2926 uti
1027 2861 1069 2927 ab
1095 2885 1158 2947 op·

208 2973 328 3040 ptumo
365 2978 509 3044 quoque
533 2960 763 3044 probaretur:
788 2963 933 3038 virtute,
959 2981 1031 3029 non
1055 2958 1156 3024 mali·

156 3063 159 3069 ’
210 3060 277 3139 „tia
312 3056 347 3122 P.
385 3057 564 3141 Scipioni,
592 3079 725 3120 summo
757 3058 849 3138 viro,
875 3059 1075 3144 placuisse:
1107 3058 1154 3121 ob

40 3156 45 3164 '
133 3228 137 3239 ,
209 3156 372 3235 „easdem
397 3156 477 3221 artis
503 3156 546 3244 ab
570 3155 737 3238 Micipsa,
764 3178 836 3219 non
854 3157 1002 3240 penuria
1023 3155 1154 3219 libero·

121 3308 124 3315 .
209 3277 342 3335 „rum,
379 3253 418 3316 in
443 3275 590 3343 regnum
630 3255 857 3336 adoptatum:
898 3267 1054 3318 ceterum
1082 3275 1155 3339 quo

209 3351 332 3439 „plura
353 3351 449 3434 ¹bene
464 3366 567 3437 atque
592 3364 734 3440 strenue
759 3351 919 3427 fecisset,
939 3373 980 3414 eo
998 3351 1154 3417 animum

209 3474 329 3532 „suum
344 3451 507 3530 iujuriam
522 3449 638 3513 minus
652 3449 822 3513 tolerare:
840 3450 1076 3513 Adherbalem
1091 3452 1154 3514 do·

209 3550 274 3632 „lis
299 3551 387 3614 ritae
410 3571 490 3614 suae
511 3546 738 3627 insidiatum
763 3548 859 3631 quod,
877 3546 940 3612 ubi
965 3550 1154 3632 comperis·

211 3659 304 3735 „set,
329 3648 454 3711 sceleri
484 3643 728 3710 ebriamine:
758 3645 929 3731 populum
954 3640 1152 3711 liumanuln

210 3764 348 3837 „neque
373 3758 489 3827 recte,
509 3764 625 3830 neque
650 3765 715 3832 pro
730 3743 823 3813 bono
839 3743 1033 3824 iacturum,
1058 3746 1086 3810 si
1105 3745 1150 3810 ab
1213 3776 1217 3785 ·
