2626 4500
455 292 486 317 ,Ι
542 231 593 249 -
668 158 858 268 126⁸-

242 381 402 463 consulto
425 381 541 462 trahi,
565 383 664 473 quod
689 385 826 460 homo,
854 380 969 448 inanis
998 384 1040 445 'et
1063 387 1183 475 regiae

201 548 205 555 ,
240 479 446 568 superbiae,
471 478 622 568 imperio
646 480 752 548 nimis
770 476 950 570 gauderet.

300 606 303 615 ·
337 578 435 660 Quae
464 581 581 648 omnia
604 579 677 669 illis
702 602 747 645 eo
768 577 933 646 firmiora,
947 577 1186 658 videbantur,

239 676 336 759 quod
367 676 598 747 diuturnitate
619 677 711 744 belli
730 696 785 742 res
810 676 993 743 familiaris
1021 698 1187 763 corrupe-

235 789 335 854 rant,
367 790 402 840 et
417 776 708 862 animo'euphnti
732 774 825 842 nihil
841 776 921 842 satis
941 774 1139 842 festinatur.
1239 821 1241 826 ·

57 904 60 917 ι
165 861 210 946 65
228 893 248 921 ·-
332 871 416 940 Erat
439 885 620 962 praeterea
641 877 695 947 in,
710 875 865 941 exercitu
894 886 1012 938 nostro
1033 873 1186 940 Numida

235 971 406 1058 quidam,
440 971 585 1040 nomine
620 973 739 1040 Gauda
748 986 764 1050 ‚·
788 966 1035 1055 Mastanabalis
1063 974 1184 1052 filius,

235 1067 442 1136 Masinissae
465 1094 595 1157 nepos,
613 1065 718 1157 quem
738 1072 888 1157 Micipsa
912 1064 1118 1135 testamenti)
1133 1092 1187 1136 se·

237 1166 395 1233 eundum
420 1171 588 1236 heredem
612 1171 814 1256 scripserat,
834 1167 965 1233 morbis
984 1169 1186 1246 consertus,

234 1275 271 1328 et
302 1265 449 1333 obeam
474 1281 757 1336 oausammente
791 1267 954 1352 paullum
988 1266 1184 1330 imminuta.

202 1374 209 1399 ³
233 1360 301 1426 Cui
324 1360 492 1435 Metellus
520 1368 679 1454 petenti,
702 1384 800 1430 more
830 1385 955 1452 regum
984 1366 1036 1428 uti
1061 1364 1185 1430 sellam

134 1538 135 1543 γ
231 1463 330 1540 juxta
364 1477 546 1546 poneret,
571 1466 657 1529 item
691 1478 837 1550 postea,
869 1461 1049 1553 custodiae
1076 1480 1182 1527 eausa

139 1589 141 1592 ·
232 1570 384 1624 turmam
406 1560 566 1645 equitum
588 1560 850 1639 Romanorum
867 1573 1057 1642 utrumque
1079 1570 1186 1646 nega·

232 1667 347 1719 terat:
371 1659 561 1736 bonorem,
583 1659 680 1746 quod
705 1680 827 1731 eorum
851 1657 957 1737 modo
978 1657 1083 1732 foret,
1094 1651 1185 1739 quos
1276 1699 1283 1718 .

228 1752 391 1838 populus·
403 1752 581 1822 Romanus
603 1774 703 1845 reges
721 1754 985 1839 adpellavisset3
1012 1747 1182 1838 praesidi·

229 1869 313 1929 um,
330 1852 428 1935 quod
451 1853 745 1920 contumeliosum
765 1855 880 1919 ineos
898 1850 1012 1931 foret,
1037 1852 1067 1918 si
1084 1848 1183 1936 equi·

232 1958 284 2012 tes
308 1945 459 2017 Romani
482 1952 650 2019 satellites
675 1951 849 2018 Numidae
875 1953 1109 2016 traderentur.

328 2046 433 2113 Hune
473 2050 607 2115 Marius
649 2051 790 2113 anxium
833 2049 1040 2134 adgreditur
1080 2064 1184 2130 atque

231 2144 419 2224 bortatur,
450 2147 503 2211 uti
531 2142 826 2212 contumeliarum
853 2143 1073 2225 imperatoris
1101 2167 1182 2208 cum
1211 2164 1213 2169 ’

228 2261 293 2308 tuo
317 2241 448 2308 auxilio
474 2263 605 2328 poenas
624 2255 730 2328 petat.
768 2239 953 2306 Hominem
974 2242 1020 2306 ob
1039 2240 1180 2328 morbos

228 2339 346 2405 animo
368 2363 491 2424 parum
516 2341 631 2405 valido
661 2339 816 2406 secunda
847 2339 1006 2404 oratione
1024 2337 1180 2402 extollit:

225 2436 331 2501 illurn
348 2458 491 2524 regem,
506 2438 832 2525 ingentemrrirum,
852 2436 1057 2502 Masinissae·
1070 2431 1179 2521 nepo·

226 2548 299 2599 tem
317 2554 410 2598 esse:
426 2536 455 2600 si
475 2536 648 2624 Jugurtha
665 2549 801 2620 captus,
819 2549 877 2597 aut
897 2535 1047 2625 occisus,
1067 2537 1179 2618 impe·

224 2632 320 2701 rium
350 2627 538 2698 Numidiae
564 2633 640 2698 sine
660 2655 756 2699 mora
778 2631 1000 2710 habiturum
1026 2627 1063 2697 id
1087 2636 1175 2695 adeo

223 2738 361 2796 mature
377 2751 478 2817 posse
504 2731 664 2814 evenire,
688 2733 719 2798 si
742 2732 819 2819 ipse
835 2731 961 2796 consul
977 2732 1020 2796 ad
1036 2731 1075 2795 id
1100 2730 1176 2795 bel·
1229 2734 1245 2753 “

222 2829 298 2894 lum
328 2826 452 2895 missus
478 2828 583 2895 foret.

320 2929 442 3010 ltaque
462 2939 496 2991 et
513 2927 636 3007 illum,
658 2940 691 2991 et
710 2925 846 3012 equites
862 2919 1036 2990 Romanos
1048 2951 1065 3001 ,>
1080 2923 1173 2987 mili·
1195 2964 1198 2968 -

192 3034 196 3045 “
223 3038 276 3092 tes
304 3038 339 3088 et
365 3023 600 3114 negotiatores
633 3024 720 3090 alios
744 3026 839 3108 ipse,
868 3024 1058 3108 plerosque
1091 3041 1169 3104 spes
1214 3089 1220 3101 q

179 3137 184 3146 “
221 3124 318 3210 pacis
342 3123 515 3208 impellit,
545 3123 597 3187 uti
618 3119 763 3187 Romam
784 3123 827 3187 ad
853 3142 932 3185 suos
957 3120 1171 3184 necessarios
1207 3191 1209 3194 y

223 3240 346 3304 aspere
363 3220 402 3285 in
424 3220 615 3287 Metellum
630 3222 678 3293 de
698 3220 795 3285 bello
813 3219 988 3295 scribant,
1016 3216 1170 3283 Marium

220 3323 470 3407 imperatorem
504 3332 658 3407 poseant.

322 3416 379 3482 ste
402 3416 460 3481 illi
490 3441 508 3483 a
535 3418 655 3482 multis
684 3413 889 3480 mortalibus
916 3412 1168 3477 honestissuma
1192 3454 1198 3461 -

220 3506 468 3606 suffragatione
508 3517 709 3580 consulatus
741 3511 939 3598 petebatur,
982 3512 1095 3575 Simul
1128 3532 1168 3575 ea

221 3627 425 3706 tempestate
458 3613 610 3702 plebes,
642 3607 824 3680 nobilitate
850 3610 1169 3705 susa-'permlegem
