2580 4492
490 148 806 209 -310-

221 315 381 404 tametsi,
408 325 498 388 sieut
527 310 651 404 autea,
676 325 789 390 tribus
822 312 1011 393 ordinibus
1052 326 1182 393 tradita

220 442 318 504 suut3
344 440 462 488 tamen
486 423 596 488 iidem
624 425 680 488 iili
710 423 848 490 faetiosi
876 439 1035 512 regunt,
1064 425 1180 508 dant,

222 527 401 600 adimunt,
427 543 517 606 quae
544 523 666 587 lubet:
701 525 909 588 innoeentes
935 523 1181 591 circumveni·

222 640 306 702 uut;
331 644 411 687 suos
438 622 481 684 ad
507 623 678 686 honorem
700 623 883 687 extollunt.

175 726 197 802 4
319 722 401 786 Νοη
427 719 584 799 facinus,
610 732 681 785 nou
706 721 895 804 probrum,
915 734 974 784 aut
998 709 1179 806 flagitium

222 823 353 899 obstat,
393 841 463 901 quo
489 822 613 889 miuus,
633 821 851 907 magistratus
878 821 1045 903 capiant:
1082 819 1180 903 quod

222 919 448 982 commodum
479 933 553 998 est,
588 921 754 996 trahunt,
790 920 961 1002 rapiunt:
993 929 1180 1002 postremo

219 1029 399 1101 tamquam
425 1015 514 1080 urbe
541 1032 651 1101 capta,
677 1017 840 1085 lubidine
873 1024 919 1081 ao'
937 1017 1094 1082 lieentia
1120 1039 1179 1083 sua

219 1137 286 1200 pro
307 1115 446 1201 legibus
462 1128 620 1181 utuntur.
646 1119 700 1179 Ae
728 1140 784 1181 me
808 1116 954 1202 quidem
980 1116 1178 1182 mediocris

221 1213 327 1285 dolor
351 1217 518 1300 augeret,
533 1216 562 1279 si
579 1216 705 1278 virtute
725 1231 857 1299 partam
876 1216 1086 1291 victoriam,
1106 1237 1186 1278 ino-¹

126 1348 137 1364 ·
219 1333 261 1378 re
287 1333 371 1390 suo,
397 1335 462 1398 per
485 1314 666 1379 servitium
699 1306 914 1380 exeruereut.
963 1315 1037 1378 Sed
1062 1312 1178 1376 homi·

201 1431 283 1492 *nes
312 1411 546 1488 inertissumi,
582 1434 732 1496 quorum
768 1413 881 1487 omnis
906 1413 956 1476 vis
988 1414 1177 1497 virtusque

219 1511 260 1572 in
283 1509 406 1601 lingua
430 1509 492 1572 sita
520 1523 589 1585 est,
616 1510 728 1581 forte,
753 1523 858 1594 atque
885 1509 1033 1576 alterius
1060 1531 1176 1579 socor-

156 1653 160 1658 ν
223 1607 280 1674 dia
308 1606 583 1674 dominationem
616 1608 766 1670 oblatam
793 1609 985 1672 insolentes
1027 1606 1173 1696 agitant.

222 1704 331 1782 Nam,
359 1727 450 1789 quae
475 1706 601 1770 seditio
628 1727 666 1768 ao
688 1705 858 1770 dissensio
879 1703 992 1772 civilis
1019 1718 1075 1771 tot
1102 1718 1174 1771 um·

221 1827 329 1887 quam
361 1805 507 1869 illustris
540 1804 691 1869 familias
718 1802 761 1868 ab
788 1806 896 1889 stirpe
927 1806 1082 1871 evertit?
1120 1818 1176 1870 aut

222 1925 374 1984 quorum
395 1924 562 1988 umquam
585 1902 728 1971 victoria
753 1904 889 1971 animus
914 1916 985 1970 tam
1000 1923 1173 1992 praeceps

215 2014 363 2084 tamque
388 2003 639 2070 immoderatus
666 2000 764 2068 fuit?

317 2099 356 2166 L.
385 2099 501 2178 Sulla,
528 2101 587 2163 cui
604 2099 720 2164 omnia
746 2100 784 2164 iu
810 2092 954 2164 victoria
974 2098 1058 2188 lege
1084 2099 1172 2166 belli

217 2198 416 2275 licuerunt,
442 2199 578 2264 tametsi
595 2197 772 2280 supplicio
788 2198 940 2263 hostium
958 2213 1077 2282 partes
1095 2221 1171 2265 suas

218 2298 352 2362 immiti
375 2297 623 2387 intellegebat:
649 2310 785 2374 tamen,
809 2298 931 2382 paucis
949 2286 1172 2381 interfectis,

184 2385 194 2402 ’
220 2409 355 2460 eeteros
380 2391 578 2468 beneficio}
604 2417 709 2482 quam
726 2407 842 2466 metu,
860 2394 1017 2472 retinere
1033 2397 1168 2462 maluit.

321 2498 367 2557 At
391 2495 538 2557 hercule
564 2514 659 2556 nunc
687 2513 768 2555 oum
799 2491 948 2570 Catone,
985 2492 1021 2557 L.
1053 2494 1169 2556 Domi·

175 2598 177 2605 ’
220 2596 292 2673 tio,
319 2592 517 2676 ceterisque
544 2591 704 2672 ejusdem
729 2590 914 2670 factionis,
936 2593 1168 2679 quadraginta

208 2705 413 2768 senatores,
438 2690 541 2756 multi
569 2703 748 2774 praeterea
776 2711 855 2753 cum
881 2709 942 2775 spe
968 2689 1063 2755 bona
1086 2691 1168 2754 ado·

217 2794 410 2868 lesoeutes‚
448 2788 551 2855 sicuti
579 2788 731 2864 hostiae,
758 2788 897 2854 mactati
921 2799 1031 2851 suut:
1056 2811 1168 2874 quum

119 2879 124 2890 ’
220 2894 353 2955 interea
376 2886 699 2971 ‘importunissuma
732 2907 861 2972 genera
897 2885 1084 2951 homiuum
1121 2897 1169 2971 tot

109 3005 113 3013 '
195 2991 428 3054 miserorum
455 2985 584 3048 civium
613 2985 784 3071 sanguiue
807 2985 923 3051 satiari
947 2987 1190 3068 nequiverez',

138 3127 141 3133 ·
219 3074 293 3152 nou
328 3085 406 3149 orbi
433 3083 565 3161 liberi,
590 3105 663 3147 uon
691 3097 853 3170 parentes
885 3098 1001 3148 exacta
1031 3072 1167 3162 aetate,

140 3216 143 3223 ·
218 3208 292 3250 nou
327 3184 477 3271 gemitus
506 3182 687 3257 ‘visorum
712 3184 794 3246 uon
825 3184 939 3246 luctus
972 3182 1167 3248 mulierum

217 3286 409 3349 immanem
432 3303 554 3344 eorum
575 3281 731 3351 animum
755 3281 905 3356 inflexit:
931 3282 1044 3365 quin,
1071 3302 1167 3348 acer·

98 3376 100 3380 ’
186 3400 189 3405 “
218 3381 298 3446 liius
316 3380 356 3442 iu
375 3380 450 3445 dies
471 3379 751 3452 malefaciendo,
778 3403 817 3444 ac
841 3381 1021 3460 dicundo,
1049 3381 1166 3469 digui-

221 3482 419 3561 eusealius,
446 3470 531 3546 alios
551 3480 689 3544 civitate
707 3500 864 3547 evorsum
884 3479 988 3566 irent.
1016 3526 1021 3533 -
1084 3566 1087 3570 ⁴
1172 3547 1176 3551 ,
