2580 4492
438 210 824 311 “-136··-

200 404 244 489 67
368 404 517 495 Romani
550 395 681 473 militcs'
714 403 904 492 improviso
926 417 1061 487 metu,
1087 406 1215 474 incerti

269 507 478 594 ignarique,
505 507 593 592 quid
611 505 842 590 potissumum
868 504 1042 583 facerent,
1061 507 1214 590 trepida·

270 626 310 669 re
334 607 378 670 ad
401 625 517 687 arcem
544 604 691 688 oppidi,
715 603 778 667 ubi
804 602 955 689 signant
980 616 1077 666 scuta
1095 623 1212 672 erant:

268 702 484 790 praesidium
517 702 697 779 hostium,
728 712 856 788 portae
882 713 963 765 ante
986 700 1124 766 clausae
1156 705 1215 768 fu·
1274 691 1277 696 ¹

225 788 227 795 ¹
262 810 349 888 ‘gam
383 799 649 884 prohibebant:
677 800 725 864 ad
750 802 817 863 hoc
842 798 1010 862 mulieres
1034 798 1211 886 puerique
1264 844 1268 850 ·

261 916 332 982 pro
358 896 457 960 tectis
478 896 724 962 aedificiorum
741 918 819 962 saxa
846 911 880 960 et
900 895 988 975 alia,
1007 918 1096 981 quae
1112 898 1213 964 loeus

268 995 482 1083 praebebat,
509 996 666 1059 certatim
692 996 842 1059 mittere.
879 996 928 1058 ita
953 989 1071 1078 neque
1098 997 1213 1062 caveri

271 1112 400 1176 anceps
425 1096 568 1169 malum,
593 1114 711 1176 neque
734 1114 751 1157 a
773 1092 980 1157 fortissumis
1006 1093 1213 1159 infirmissu-

268 1212 327 1253 mo
353 1191 477 1278 generi
499 1190 615 1281 resisti
648 1210 769 1276 posse:
795 1190 1004 1270 juxtaboni
1031 1192 1223 1276 malique,

248 1288 455 1371 ‘strenniet
474 1288 640 1353 'imbelles
659 1287 767 1351 inulti
794 1287 1005 1352 obtruncati.

363 1384 405 1447 ln
431 1406 471 1448 ea
495 1398 591 1449 tanta
616 1376 819 1473 cupititate,
845 1385 1062 1450 saevissumis
1086 1383 1211 1460 Numi·

265 1483 318 1547 dis
345 1492 378 1544 et
400 1484 533 1567 oppido
559 1484 719 1568 undique
743 1483 879 1569 clauso,
907 1483 1102 1566 Turpilius.
1117 1505 1210 1550 unus

267 1604 308 1645 ex
331 1581 496 1646 omuibus
523 1580 652 1644 italicis
678 1580 836 1668 profugit
859 1581 1007 1645 intactus
1017 1606 1034 1660 εξ
1049 1582 1086 1644 id
1104 1583 1210 1648 mise·

263 1676 463 1759 dicordiane
495 1679 663 1761 hospitis,
698 1699 742 1742 an
766 1677 952 1765 pectione,
978 1697 1023 1740 an
1045 1699 1125 1742 casu
1156 1682 1208 1743 ita

168 1768 184 1816 Ῠ
264 1777 439 1854 evenerit,
457 1799 580 1860 parum
602 1775 853 1860 comperimus5
883 1775 952 1839 nisi
960 1816 971 1848 ,
990 1773 1072 1857 quia
1092 1774 1150 1838 illi
1168 1777 1212 1840 in

262 1886 361 1937 tanto
383 1874 475 1936 malo
496 1875 608 1959 turpis
623 1875 689 1940 vita
713 1873 806 1939 fama
832 1874 967 1960 integra
986 1872 1121 1954 potior,
1142 1874 1210 1949 im-

262 1973 394 2054 probus
419 1971 698 2055 intestabilisque
724 1972 873 2036 videtur.
987 1970 991 1985 '
1078 2026 1083 2034 .
1173 1968 1176 1973 ’

154 2130 162 2149 ,
192 2068 237 2144 68
282 2093 284 2098 ·
359 2067 547 2144 Metellus,
568 2080 756 2150 postquam
783 2071 828 2130 de
851 2054 963 2147 rebus⁸
981 2064 1098 2156 Vagae
1122 2070 1209 2132 actis

263 2163 455 2246 comperit,
480 2164 675 2248 paullisper
699 2177 850 2241 moestus
870 2183 891 2226 e
910 2177 1100 2250 conspectu
1124 2156 1212 2244 abit:

264 2263 426 2348 deinde,
462 2263 527 2325 ubi
560 2262 611 2325 ira
639 2272 673 2325 et
697 2263 880 2350 aegritudo
907 2261 1096 2344 permixta,
1125 2285 1209 2328 cum

262 2358 423 2423 maxuma
448 2382 529 2423 cura
557 2361 671 2423 ultum
687 2361 738 2423 ire
756 2359 902 2440 iujurias
927 2360 1081 2427 festinat.
1105 2358 1208 2450 Legi·

263 2479 391 2533 onem,
420 2478 499 2520 cum
519 2479 588 2540 qua
612 2457 806 2536 hiemabat,
828 2473 873 2536 et,
897 2479 1002 2540 quam
1029 2459 1203 2544 plurimos

259 2570 386 2639 potest,
396 2548 563 2619 Numidas
584 2554 720 2639 equite's
738 2556 869 2644 pariter
880 2577 960 2620 cum
976 2578 1102 2622 occasu
1120 2559 1205 2644 solis

263 2652 443 2737 expeditos
464 2653 583 2728 educit
596 2675 612 2742 =¹
628 2667 662 2716 et
682 2667 818 2737 postera
838 2653 896 2717 die
914 2652 1055 2719 circiter
1077 2658 1201 2721 horam

260 2752 399 2821 tertiam
416 2751 577 2836 pervenit
600 2752 637 2813 in
656 2752 840 2837 quamdam
867 2753 1084 2834 planitiem,
1111 2754 1200 2820 locis

257 2848 391 2935 paullo«
412 2846 652 2931 superioribus
681 2853 964 2915 circumventam.

358 2947 415 3010 Ibi
439 2947 567 3009 milites
590 2945 698 3011 fessos
721 2948 856 3013 itineris
880 2949 1144 3039 magnitudine,
1169 2963 1208 3014 et

259 3048 331 3124 jam
365 3044 549 3109 abnuentis
576 3048 691 3109 omnia
721 3047 842 3125 docet,
869 3048 1040 3132 oppidum
1060 3044 1229 3136 'Vagam'

261 3165 335 3204 non
354 3140 506 3205 amulius
526 3143 630 3206 mille
656 3163 819 3228 passuum
842 3143 980 3210 abesse:
1006 3139 1135 3210 decere
1159 3146 1205 3210 il·

260 3241 314 3306 los
337 3240 516 3322 reliquum
541 3240 703 3304 laborem<
725 3264 838 3326 aequo
860 3245 976 3306 animo
1002 3245 1071 3326 pati
1081 3258 1104 3327 ,J
1116 3243 1220 3317 dum

125 3358 129 3365 ’
176 3389 179 3416 ς
260 3362 326 3424 pro
352 3339 487 3430 civibus¹
508 3339 596 3416 suis,
617 3340 697 3404 viris
722 3340 931 3405 fortissumis
955 3343 1202 3426 atquemiser·

262 3437 384 3526 rumis,
408 3458 539 3521 poenas
559 3453 734 3521 caperent·
759 3437 940 3506 Praeterea
957 3430 1124 3526 praedam
1140 3430 1202 3505 bc·

202 3616 205 3621 r
245 3536 372 3636 ‚trigue
399 3546 556 3602 ostentat.
623 3619 625 3624 Ι
1070 3534 1072 3539 ’
