2580 4492
465 250 516 276 .-
576 176 660 296 ¹324
736 250 786 267 -

139 402 203 473 ιδ’
312 399 436 486 tuque
451 393 602 482 majores
610 401 733 480 nostri,
753 423 866 488 quum
883 397 992 465 bellis
1009 420 1179 488 sepenu-

208 499 275 568 mis
289 511 583 584 praemerentur,
603 498 724 584 equis,
744 501 847 578 siris,
860 498 1016 587 pecunia
1034 503 1177 584 amissa,

107 606 110 613 '
207 619 404 684 numquam
413 598 545 666 defessi
562 610 645 666 sunt
655 597 777 664 armati
786 597 859 665 de
847 598 1002 684 tmpe'rio
1018 614 1174 668 certare.

307 697 417 764 Νοιι
406 699 528 797 inopia
546 697 697 778 aerarii,
733 721 808 763 uon
826 698 876 765 ris
896 698 1079 781 hostium,
1096 725 1175 767 non

94 840 99 867 t
205 796 349 863 adversa
372 818 428 864 res
462 798 647 888 ingentem
681 800 806 862 eorum
826 798 985 864 animum
1004 796 1173 914 subegit,

87 952 92 962 .
155 898 314 987 q·uin,
341 916 431 979 quse
455 899 582 962 virtute
604 909 795 982 ceperant,
820 896 928 962 simul
945 915 1028 963 cum
1047 899 1170 966 anima

201 996 411 1060 retinerent.
448 998 567 1081 Atque
596 1014 636 1058 ea
657 995 768 1084 magis
793 990 947 1061 foetibus
973 997 1168 1101 consiliis,

94 1086 118 1137 f
203 1115 311 1219 quam
328 1093 431 1157 bonis
449 1095 616 1182 praeliis,
640 1107 774 1194 patrata
802 1107 895 1162 sunt
1130 1155 1135 1160 Α

301 1191 444 1276 Quippe
467 1192 563 1279 apud
580 1193 664 1258 ilios
682 1215 752 1258 uno
769 1176 974 1280 respublica
998 1203 1097 1270 erat,
1129 1192 1166 1259 ei

201 1291 447 1376 consulebant3
467 1292 574 1358 iactio
591 1303 715 1358 contra
732 1291 844 1356 bostis
867 1287 1070 1380 parabatur:
1086 1310 1167 1356 eor·

60 1468 65 1491 ι
198 1409 268 1477 put
303 1403 414 1474 atque·
431 1391 648 1480 ingenium,
673 1389 827 1475 patriae,
851 1412 932 1456 ιιοιι
950 1407 1037 1455 suae
1055 1391 1164 1477 „quis-

146 1530 149 1535 ·
189 1509 273 1575 -que
295 1490 496 1575 potentiae,
525 1489 748 1556 exercitabat.

295 1588 342 1650 At
370 1585 440 1654 boc
460 1599 630 1672 ‘tempore
651 1601 775 1654 contra
800 1607 842 1653 ea
860 1586 1027 1654 homines
1054 1587 1160 1653 nobi·

198 1683 277 1764 les,
301 1706 457 1770 quorum
475 1680 612 1753 animos
636 1686 800 1753 socordia
816 1697 922 1771 atque
941 1685 1085 1772 ignavia
1103 1686 1157 1750 in·

198 1783 303 1862 rosit,
327 1784 444 1873 ignari
468 1784 624 1860 laboris,
644 1784 822 1856 bostium,
847 1783 1024 1862 militiae,
1060 1783 1158 1848 domi

195 1881 353 1947 factione
370 1883 555 1963 instructi,
580 1903 646 1971 per
662 1883 868 1973 superbiam
888 1880 1028 1954 cunctis
1043 1881 1158 1971 genti·

193 1979 265 2044 bus
282 1980 524 2054 moderantur.
546 1982 680 2067 'itaque
704 1995 842 2070 patres,
866 1995 1025 2068 quorum
1043 1981 1156 2048 consi·
1188 2034 1192 2040 .

158 2106 164 2116 ·
191 2077 244 2142 lio
269 2091 371 2145 antea
389 2079 498 2147 dubia
516 2079 721 2168 respublica
735 2074 994 2158 stabiliebatur',
1012 2097 1155 2165 oppres·

166 2197 171 2201 ·
192 2177 241 2256 si,
258 2198 301 2242 ex
321 2169 439 2245 aliena
456 2177 609 2244 libidine
622 2180 694 2246 buc
718 2192 824 2266 atque
837 2177 927 2245 llluc
943 2176 1156 2244 fluctuantes

195 2276 390 2364 agitantur:
417 2277 600 2343 interdum
628 2279 716 2357 alia,
743 2276 877 2344 deinde
912 2276 983 2344 alio
1028 2273 1152 2341 decer·

192 2387 307 2464 nunt,
332 2387 371 2439 ut
396 2396 545 2455 eorum,
580 2375 643 2458 qui
678 2375 934 2453 dominantur,
964 2372 1149 2455 simultas,

193 2492 234 2536 ae
259 2472 456 2565 arrogantia
484 2472 576 2538 ferta
597 2473 646 2542 ita
670 2471 807 2540 bonum
826 2475 1037 2558 malumque
1063 2474 1151 2558 pub·

101 2581 108 2594 ·
184 2569 305 2636 licum
331 2572 552 2639 existumant.
716 2633 730 2649 x

44 2682 47 2687 '
123 2679 166 2754 19
293 2670 398 2764 Quorl
426 2671 456 2735 si
482 2683 541 2736 aut
566 2669 713 2737 libertas
738 2691 852 2758 acqua
875 2667 1060 2755 omnium,
1092 2682 1153 2744 aut

190 2770 364 2837 sententia
388 2769 580 2860 obscurior
591 2781 703 2851 esset,
728 2767 921 2848 majoribus
936 2772 1066 2856 opibus
1082 2793 1152 2840 res·

121 2910 126 2915 -
167 2867 336 2954 ,publica
356 2880 397 2932 ‘et
422 2867 542 2951 minus
565 2883 690 2952 potens
724 2867 893 2934 nobilitas
923 2884 1026 2937 esset.
1081 2873 1172 2938 Sed·

193 2967 363 3049 quoniam
399 2967 589 3050 coaequari
628 2965 774 3055 gratiam
802 2967 963 3035 omnium
999 2971 1152 3040 difficile

189 3064 260 3144 est,
287 3064 421 3152 quippe
439 3086 550 3150 quum
577 3066 650 3131 illis
675 3067 849 3150 majorum
881 3066 991 3132 virtus
1015 3080 1150 3158 partam

167 3161 381 3246 ,reliquerit
412 3163 582 3250 gloriam,
609 3165 839 3254 dignitatem,
856 3165 1069 3251 clientelas,
1096 3191 1149 3237 ce·

190 3275 266 3347 tera
290 3263 505 3349 multitudo,
518 3263 690 3350 pleraque
708 3263 854 3331 insititio
878 3265 942 3342 sit,
958 3272 1148 3335 sententias

194 3381 359 3426 eoruma
385 3376 481 3426 metu
507 3363 642 3428 libera:
667 3362 719 3429 ita
738 3361 880 3429 occulte
909 3362 979 3429 sibi
997 3371 1148 3454 quisquc

2 3471 8 3477 ’
58 3490 61 3495 ·
189 3457 344 3524 alterius
359 3459 518 3547 potentia
536 3463 651 3542 carior
669 3462 749 3537 erit
789 3458 981 3529 Libertas
968 3478 1069 3552 iuxta
1089 3469 1149 3533 bo·

59 3573 62 3579 ·
99 3546 104 3554 ’
188 3557 265 3637 nis,
290 3569 341 3621 et
348 3558 468 3638 malis,
485 3562 709 3639 strenuis,et
727 3563 861 3650 ignavis
886 3563 1055 3646 optabilis
1078 3580 1145 3651 est.
1196 3590 1198 3617 =

154 3730 155 3735 ἵ
289 3659 426 3722 Verum
442 3679 519 3722 eam
534 3653 702 3745 plerique
722 3673 820 3725 metu
847 3661 1040 3743 deserunt,
1066 3646 1148 3733 stul

159 3752 330 3823 ιίιιιιιιιί
350 3757 528 3825 mortales
578 3757 683 3840 Quod
710 3759 969 3830 incurrantur
996 3762 1145 3831 dubium
