2580 4492
509 132 513 165 ι

359 173 814 306 '‘find'’-

1109 293 1119 328 l
1205 316 1211 326 ,

227 383 425 452 Mamiliam
456 401 562 451 novos
594 380 795 448 extollebat
831 382 879 446 lta
908 379 1023 450 Mario
1052 397 1179 452 cuncto

187 484 438 572 procedere
490 492 495 501 '

7 574 10 581 ’
159 580 205 654 66
308 576 474 648 In'terim
499 582 671 669 Jugurtba
695 590 919 665 postquam,
930 558 1054 646 omiosa
1081 524 1181 646 dedi·

101 670 104 675 ’
215 682 359 772 tione,
391 682 529 749 bellum
548 681 694 767 incipit,
714 698 795 743 eum
811 701 936 767 magna
954 682 1193 767 curapatare'

225 781 358 857 omnia,
378 779 569 858 festinare,
595 799 721 865 cogere
747 780 968 843 exercitum·
994 779 1181 865 civitates,

156 940 159 945 .
230 901 322 964 quae
348 879 392 944 ab
412 898 450 944 se
482 877 706 954 defecerant,
733 874 956 953 formidine,
980 890 1038 943 aut
1063 864 1192 943 osten-⁴

164 1022 167 1031 -
229 977 336 1043 tando
362 976 516 1066 praemia
540 976 740 1066 adfectare:
776 974 996 1054 communire
1022 996 1103 1042 suos
1128 976 1181 1040 lo·

232 1099 311 1154 cos,
337 1098 449 1154 arma,
471 1075 559 1157 tela,¹
582 1074 670 1152 clia,
688 1095 779 1161 quae
800 1096 862 1162 spe
880 1077 976 1160 pacis
995 1076 1179 1152 amiserat,
1197 1114 1204 1126 ·

229 1175 377 1239 refioere
409 1187 467 1239 aut
495 1173 748 1238 commercari:
778 1168 1207 1245 §ervilia-Romanorum

217 1272 412 1367 adlicere,
439 1285 472 1336 et
499 1292 557 1336 eos
582 1271 695 1364 ipsos,
714 1272 777 1355 qui
803 1273 842 1362 in
866 1273 1052 1357 praesidiis,
1071 1285 1183 1350 eraut,
1260 1311 1262 1314 >

218 1371 385 1457 'pecunia
410 1383 574 1435 tentarez
612 1378 755 1454 prorant
780 1369 872 1432 nihil
898 1370 1094 1451 intactum,
1119 1391 1185 1434 ue·
1214 1437 1217 1445 ,

199 1460 304 1583 sque
331 1470 491 1552 quietum
516 1467 612 1552 pati.
635 1481 767 1556 cuncta
792 1468 934 1553 agitare.

329 1567 447 1656 Igitur
471 1571 544 1635 Va(r
524 1587 674 1654 euleu,
707 1589 777 1663 quo
802 1565 1005 1630 Metellus
995 1569 1098 1633 mitio
1122 1570 1185 1633 sn·
1216 1632 1219 1637 .

230 1667 368 1754 gurtha
380 1669 611 1753 pacificante,
633 1652 882 1749 praesidium'
872 1680 1105 1749 imposuerat,
1132 1667 1186 1729 fa·

230 1764 331 1852 rigati
356 1765 449 1864 regis
472 1765 691 1848 suppliciis,
726 1784 844 1846 neque
871 1776 973 1846 autea
1003 1763 1184 1828 voluntate
1272 1838 1274 1843 ‚

213 1858 399 1951 ¹alienati,
425 1850 640 1950 principes
631 1861 777 1927 civitatis
793 1862 892 1928 inter
916 1885 952 1928 se
981 1862 1186 1938 coniurant.

232 1983 314 2028 nam
345 1965 487 2051 volgus,
512 1963 564 2026 uti
597 1963 810 2044 plerumque
832 1962 941 2036 solet,
967 1971 1001 2020 et
1024 1982 1186 2027 maxume

236 2059 488 2137 Numidarum,
515 2059 660 2144 ingenio
681 2058 824 2134 mobili,
850 2057 1055 2121 seditiosum
1081 2072 1185 2145 atque
1228 2074 1238 2090 ¹

196 2160 201 2177 ¹
235 2157 491 2224 discordiosum
519 2169 608 2234 erat,
646 2154 815 2245 cupidum
844 2165 1013 2218 novarum
1040 2179 1183 2234 rerum,

236 2256 349 2343 quieti
371 2254 498 2319 et'otio
527 2253 729 2335 advorsum:
754 2252 839 2315 dein
866 2255 1070 2337 compositis
1093 2250 1186 2320 inter

153 2356 156 2366 '
236 2377 272 2421 se
308 2352 436 2435 rebus,
471 2352 566 2426 diem
592 2352 741 2414 ‚tertium
768 2350 1014 2426 constituunt3'
1027 2355 1125 2439 quod
1157 2353 1186 2416 is

216 2454 347 2517 festus
381 2449 649 2534 celebratusque
675 2470 740 2533 per
773 2454 912 2512 omnem
945 2449 1100 2517 Africam
1133 2454 1187 2514 lu·

239 2551 325 2619 dum
358 2563 393 2612 et
418 2547 606 2620 lasciviam
633 2548 771 2635 magis,
806 2569 910 2635 quam
959 2548 1188 2615 formidinem
1228 2613 1231 2619 ,

191 2710 214 2728 „
238 2646 445 2714 ostentabat.
1224 2730 1233 2735 -

268 2758 272 2763 “
337 2744 406 2825 Sed
434 2747 504 2813 subi
537 2761 675 2829 tempus
707 2745 794 2818 luit,
827 2746 1051 2815 centuriones
1078 2743 1188 2808 tribu·
1244 2773 1251 2786 ·

236 2867 374 2931 nosque
400 2846 579 2923 militaria,
612 2857 646 2906 et
678 2844 793 2927 ipsum
820 2845 1040 2930 praefectum
1066 2842 1189 2929 oppidi

239 2946 283 3009 T.
309 2944 515 3029 Turpilium
541 2943 715 3021 Silanum,
740 2944 827 3008 alins
854 2944 962 3008 alium
983 2945 1107 3032 domus
1134 2964 1189 3007 su·

239 3063 275 3107 as
298 3043 468 3108 invitant:
496 3063 554 3105 eos
577 3041 710 3119 omnis,
729 3055 869 3124 praeter
891 3043 1115 3127 Turpilium,
1136 3041 1188 3103 in-

242 3153 293 3204 ter
320 3139 440 3243 epulas
465 3138 697 3216 obtruncant3
723 3152 841 3223 postea
869 3143 996 3204 milites
1021 3137 1190 3222 palantia,

240 3231 416 3317 inermos,
443 3238 576 3325 quippe
602 3238 656 3300 in
677 3237 738 3302 tali
768 3239 826 3303 die
849 3262 888 3304 ac
915 3239 995 3304 siue
1016 3237 1189 3328 imperio,
1220 3278 1224 3287 ·

243 3335 512 3424 adgrediuntur
1198 3419 1202 3427 Ι

340 3433 437 3498 ldem
463 3436 586 3520 plebes
606 3435 706 3512 facit,
734 3455 812 3519 pars
832 3434 945 3500 edocti
968 3435 1010 3500 ab
1028 3435 1192 3499 nobilita·

239 3548 294 3618 te,
323 3533 384 3597 alii
409 3533 525 3600 studio
544 3534 668 3598 talium
690 3555 810 3598 rerum
825 3533 984 3601 incitati:
1013 3535 1091 3618 quia
1114 3546 1189 3599 acta
1283 3573 1286 3580 -

240 3630 499 3717 consiliumque
522 3633 763 3718 ignorantibus
789 3633 959 3703 tumultus
987 3634 1063 3720 ipse
1080 3645 1115 3700 el
1132 3650 1190 3698 ret

93 3742 98 3751 '
147 3812 150 3819 ⁴
241 3751 352 3800 novae
377 3732 455 3801 eatis
480 3730 678 3816 placebant.
705 3734 708 3739 ’
748 3820 751 3825 1
832 3758 835 3763 -
