2580 4492
258 332 368 451 Sed
385 360 573 481 postquam
584 381 690 447 Roma
702 399 860 483 egressus
874 390 937 456 est,
958 377 1096 461 fertur,
1101 402 1178 448 sae·
1258 436 1261 448 .

144 497 173 538 ·.
229 504 275 568 pe
311 506 353 547 eo
391 483 514 548 tacitus
546 481 768 567 respiciens,
806 475 986 564 postremo
1014 480 1170 545 dixisse.

227 581 377 656 „urbem
403 581 562 647 venalem
586 593 621 644 et
646 593 779 644 mature
805 578 1022 662 perituram,
1048 579 1077 642 si
1101 603 1176 644 em·

228 691 362 758 „torem
374 676 566 744 invenerit.
570 687 593 720 “

327 777 470 845 interim
495 777 655 853 Albinus,
680 790 843 843 renovato
857 776 976 855 bcllo
1002 799 1173 843 commea·

174 871 177 877 ’
226 888 328 956 tum,
366 876 607 961 stipendium,
644 877 736 950 alia,
754 897 860 960 qnae
894 863 1065 939 militibus
1093 878 1174 941 usui

227 923 363 1052 ior'edt,
389 986 536 1040 maturat
563 975 600 1037 ln
626 952 784 1046 Africam
804 989 962 1059 portare3
989 996 1029 1040 ae
1055 975 1171 1038 statim

186 1102 190 1108 ·
224 1074 300 1156 ipse
324 1073 523 1166 proiectus,
548 1075 599 1138 uti
625 1089 703 1141 ante
730 1073 888 1151 comitia,
916 1073 1011 1156 quod
1028 1084 1172 1157 tempus

225 1172 320 1254 baud
349 1171 455 1260 longe
472 1172 613 1263 aberat
646 1173 761 1243 armis,
787 1187 845 1236 aut
871 1171 1082 1279 deditione,
1110 1184 1169 1235 aut

140 1282 153 1347 j
226 1269 348 1352 quovis
374 1271 491 1335 modo
497 1272 633 1336 bellum
660 1271 859 1336 conficeret.

309 1371 367 1450 At
393 1383 511 1434 contra
527 1360 698 1471 iugurtha
718 1372 853 1432 trahere
873 1368 1013 1445 omnia,
1041 1380 1075 1430 et
1104 1366 1167 1431 ali·

226 1482 272 1540 as,
299 1447 433 1530 deinde
455 1467 538 1533 alias
557 1490 674 1532 morae
697 1488 815 1533 causas
840 1466 978 1530 facere·
1004 1464 1170 1550 polliceri

207 1563 461 1643 deditionem,
480 1588 518 1630 ac
535 1567 665 1630 deinde
686 1579 818 1630 metum
835 1566 1016 1628 simulare.
1041 1565 1171 1626 instan-

224 1661 429 1743 titcedere,
464 1677 498 1728 et
502 1665 646 1758 paullo
673 1678 769 1753 post,
797 1682 841 1725 ne
867 1663 920 1726 sui
949 1662 1165 1736 diffiderent,
1245 1672 1248 1677 '

213 1754 363 1824 instare:
388 1761 433 1826 ita
454 1742 541 1825 beili
566 1766 683 1843 modo,
708 1761 813 1827 modo
839 1761 932 1846 pacis
961 1782 1057 1867 mora
1079 1758 1168 1823 Con-

224 1858 336 1923 sulem
371 1859 566 1925 ludilicare.
671 1854 677 1874 ’

322 1960 374 2020 Ac
411 1960 542 2036 fuere,
570 1958 730 2045 quitum
754 1956 925 2023 Albinum
950 1955 1079 2020 haud
1070 1977 1166 2043 rgna-
1252 1952 1255 1960 ’

202 2075 300 2116 -ιιιιιι
327 2057 467 2119 consilii
483 2057 574 2139 regis
592 2058 857 2132 existumarent3
883 2075 999 2136 neque
1029 2075 1081 2116 ex·
1094 2046 1168 2141 tair-

138 2192 143 2199 .
224 2162 255 2212 ta
270 2151 492 2234 properantia
519 2163 587 2212 tam
601 2151 706 2215 facile
727 2165 874 2214 tractum
900 2150 1033 2212 bellum
1052 2173 1168 2214 socor-

222 2245 278 2310 dia
293 2249 420 2335 magis,
439 2270 543 2332 quam
560 2249 643 2313 dolo
659 2251 855 2313 crederent.
881 2247 950 2310 Sed
974 2258 1177 2330 postquam,

223 2345 357 2429 dilapso
383 2361 562 2431 tempore,
589 2349 812 2424 cpmitiorum
837 2346 911 2409 dies
942 2342 1178 2423 attrectantur
1277 2430 1281 2441 .

128 2520 133 2528 .
221 2442 401 2519 Albinus,
435 2444 529 2507 Aulo
555 2444 661 2508 fratre
683 2448 726 2507 in
759 2445 877 2509 castris
901 2453 966 2528 p'ro
1000 2438 1168 2517 Praetore,

222 2539 368 2617 relicto,
392 2539 537 2607 Romam
553 2541 727 2627 decessit.
1235 2534 1241 2545 ’

315 2637 363 2702 Ea
389 2651 591 2726 tempestate
610 2638 740 2705 Romae
756 2639 988 2706 seditionibus
1014 2639 1174 2710 tribuniv

18 2783 24 2787 -
118 2797 121 2803 ,
222 2733 284 2802 ciis
310 2738 472 2818 atrociter
497 2740 695 2821 respublica
722 2740 926 2830 agitabatur.
963 2739 998 2803 P.
1033 2737 1162 2802 Lucul-

140 2834 142 2838 ”
218 2834 273 2899 lus
298 2832 392 2900 etL
417 2837 574 2912 Annius,
600 2837 731 2901 tribuni
754 2839 899 2952 plebis,
925 2836 1163 2931 resistentibus

178 2995 190 3017 .
223 2934 393 3022 collegiS,
432 2934 637 2998 continuare
673 2937 910 3050 magistratum
939 2922 1164 3001 nitebantur:

207 3038 310 3116 'quae
337 3032 508 3096 dissensio
534 3033 638 3098 totins
667 3035 750 3119 anni
775 3035 915 3099 comitia
937 3031 1164 3119 impediebat

190 3135 199 3151 ¹
317 3127 364 3191 Ea
389 3151 483 3194 mora
510 3130 547 3195 in
573 3152 671 3216 spem
697 3130 882 3196 adductus
891 3133 1031 3209 Aulus,
1059 3152 1165 3216 quem

218 3248 281 3308 pro
307 3222 467 3291 Praetore
492 3229 673 3317 incastris
690 3231 855 3304 relictum
880 3231 1164 3316 supra-diximus,
1197 3246 1200 3250 ’

117 3407 122 3416 .
221 3336 280 3386 act
305 3325 517 3392 conficiundi
539 3327 651 3415 belli,
678 3344 736 3394 aut
761 3343 895 3394 terrore
921 3331 1093 3395 'exercitus
1121 3328 1228 3419 abp'
1275 3320 1278 3327 ’

201 3441 300 3509 ‚rege
325 3427 497 3510 pecuniae
518 3425 731 3513 capiundae,
758 3427 885 3494 milites
910 3448 1031 3493 menso
1055 3427 1162 3494 Janus
