2580 4492
455 149 652 251 -a'rt
724 190 782 262 -ε

372 314 375 319 -
580 299 587 325 l

32 348 40 363 ”
82 370 168 423 'ruas
206 334 470 441 compellarem.
518 357 617 421 Unus
655 344 758 417 enlm'
786 344 938 420 salices
975 340 1142 413 matellae

89 455 255 522 habens:
291 473 411 536 neque
443 454 640 539 quidquam
665 455 802 538 turpius
836 467 887 518 est
918 449 1142 527 domitum,

90 574 195 636 quam
221 566 286 615 tu.v
310 550 468 616 Multum
493 567 528 619 te
555 577 637 639 vero
674 547 799 636 opinio'
833 551 948 624 fallit,
981 546 1044 633 qul
1077 539 1143 605 mi·

89 654 128 715 hi
161 651 288 737 putasti
321 670 444 734 parare
485 651 655 717 invidiam
690 671 731 716 ex
766 673 845 716 mea
872 672 911 713 re
940 640 1142 720 familiaris

56 740 59 747 ’
91 772 181 832 quae
207 747 319 813 mult'o
344 748 432 811 milri
460 752 578 817 minor
617 763 685 824 est,
722 750 828 835 quam
848 748 978 834 habere
1012 738 1143 828 diguus
1233 797 1235 799 .

89 869 187 926 sum;
216 861 322 934 atque
348 836 484 910 utinam
511 871 557 914 ne
583 864 676 919 tanta
700 849 846 932 quidem
872 859 985 924 esset,
1012 834 1143 926 quanta

88 961 159 1024 est,
185 958 225 1010 ut
250 946 369 1030 potius
404 945 515 1032 amici·
534 938 606 1013 mei
623 950 801 1026 viverent,
828 957 1018 1033 quam'ego
1041 944 1143 1003 testae

86 1046 216 1110 mentis
230 1066 359 1106 eorum
385 1042 600 1129 locupletior
623 1069 744 1112 essem.
774 1045 847 1135 Ego
869 1042 991 1132 fugax,
1019 1038 1143 1135 Crispe
1181 1096 1183 1101 ,

90 1144 231 1229 Sallusti
256 1151 271 1206 l
296 1143 411 1214 furori
437 1143 571 1209 iril'runi
598 1143 712 1232 plebis
740 1145 839 1210 cessi.
872 1143 1003 1206 Utilius
1029 1135 1143 1222 durii,
1217 1225 1221 1233 Ι

91 1242 248 1327 quamvis
282 1236 460 1303 fortunam
494 1265 586 1310 unus
624 1241 800 1330 experiri,
837 1263 943 1327 quam
976 1237 1139 1327 universo
1171 1272 1173 1276 -

80 1340 222 1427 populo
241 1337 398 1401 Romano
417 1339 532 1421 civilis
556 1361 666 1408 essem
683 1341 910 1408 dissensionis
928 1358 1049 1404 causa:
1067 1335 1141 1418 qui,
1196 1342 1198 1346 '

85 1450 205 1525 postea
234 1435 416 1523 quamille
442 1457 545 1503 suum
569 1464 700 1506 annum
717 1437 965 1524 in‚republica
993 1433 1162 1522 paruae-q
1245 1497 1247 1507 ,

86 1539 207 1600 ciratus
237 1547 307 1615 est3
345 1535 561 1620 omniaque,
593 1560 685 1622 quae
712 1542 1141 1620 commoverat,pace‚et
1243 1596 1245 1600 ,

85 1637 158 1698 ctio
189 1630 420 1698 resederudt:
448 1632 515 1698 h'oc
546 1637 672 1702 ordine
697 1649 906 1713 revocante,
925 1651 1037 1718 ..atque
1065 1633 1141 1715 ipsa

83 1734 271 1817 republica
305 1723 410 1822 manu
437 1734 640 1798 retrahente
666 1757 744 1814 mc,
767 1737 925 1811 reverti;
962 1732 1025 1818 qui
1042 1729 1140 1792 mihi

47 1821 51 1841 '
84 1831 181 1901 dies,
208 1834 237 1896 si
264 1853 345 1893 cum
367 1831 463 1891 omui
489 1831 627 1917 reliqua
659 1836 726 1898 vita
770 1834 992 1909 conferatur,
1020 1829 1139 1892 animo
1197 1818 1212 1841 '

83 1931 231 2013 quidem
262 1949 341 1993 mec
367 1924 529 2011 superet,
558 1952 668 2016 quum
691 1930 847 1996 universi
865 1952 945 2023 va,
968 1927 1140 2014 populus·

84 2048 154 2109 que
182 2027 359 2090 Romanus
386 2025 557 2111 frequens
582 2031 734 2092 adventu
747 2051 832 2093 'meo
861 2029 1052 2117 gratulatus
1077 2035 1139 2117 est.
1234 2073 1237 2077 .

82 2123 192 2190 Tanti
218 2147 275 2205 mc
301 2125 466 2211 fugacem
492 2129 752 2192 mercenarium
768 2142 957 2213 patronum
974 2126 1011 2189 hi
1039 2120 1142 2186 aesti·
1185 2148 1204 2165 ν

38 2233 40 2237 ’
80 2236 277 2288 maverunt.
304 2223 432 2306 Neque
450 2224 597 2289 hercule
621 2228 753 2295 mirum
771 2239 841 2304 est,
860 2225 889 2291 si
916 2247 981 2313 ego
1000 2240 1141 2304 semper

81 2324 193 2401 justas·
217 2322 377 2393 omnium
405 2321 575 2391 amicitias
602 2324 813 2400 existimavi,
846 2346 919 2385 non
947 2323 1043 2384 enim
1072 2317 1139 2381 uni

79 2419 251 2504 privatim*
279 2418 465 2483 ancillatus
497 2441 601 2500 sum,
635 2444 755 2509 neque
780 2443 837 2485 me
863 2421 1013 2509 addixi:
1043 2418 1138 2493 sed,

69 2533 258 2600 quantum
284 2519 438 2600 quisque
464 2519 687 2603 reipublicae
714 2518 868 2597 studuit,
900 2531 1034 2583 tantum
1050 2514 1140 2578 mihi

84 2614 155 2678 fuit
179 2628 238 2678 aut
263 2610 415 2713 amicus,
444 2625 503 2676 aut
527 2616 707 2707 ¹inimicus.
733 2619 808 2706 Ego
830 2617 920 2681 nihil
937 2618 1018 2701 plus
1041 2612 1138 2704 uolui
1167 2636 1197 2683 ·.

83 2713 221 2805 valerq
266 2728 372 2796 quam
402 2732 555 2794 pacem-e
588 2716 693 2804 multi
718 2713 950 2801 privatorum
975 2704 1151 2778 audacias

79 2811 324 2886 nutriverunt,
346 2830 411 2896 ego
431 2810 531 2873 nihil·
549 2813 665 2894 timui,
689 2814 758 2878 uisi
783 2815 901 2900 leges:
920 2812 1024 2875 multi
1042 2831 1137 2874 arma

79 2933 139 2974 sua
160 2910 276 2972 timeri
294 2903 503 2996 voluerunt,
525 2932 590 2998 ego
613 2935 807 2999 numquam
824 2911 921 2975 volui
934 2911 1138 2994 ‚quidquam
1191 2914 1195 2923 ’

17 3058 20 3062 Α
79 3026 205 3094 posse,
224 3005 291 3070 nisi
301 3026 372 3090 pru
399 3005 518 3085 vobis,
537 3010 642 3074 multi
659 3033 700 3076 cr
724 3011 842 3099 vobis,
864 3009 1021 3093 potentia
1040 3007 1136 3083 freti,
1199 3048 1201 3056 ·

78 3109 117 3170 in
132 3128 191 3170 vos
203 3105 281 3172 'suis
299 3098 431 3170 viribus
447 3103 548 3170 abusi
573 3123 664 3174 sunt.
688 3109 813 3192 'ltaque
831 3130 904 3171 nou
926 3121 976 3170 est
993 3105 1136 3182 mirum,

31 3204 49 3282 J
75 3205 106 3270 si
128 3197 263 3269 nullius
290 3202 443 3266 amicitia
467 3221 555 3293 usus]
568 3227 666 3287 sum,
699 3209 854 3291 quinon
875 3218 1046 3293 perpetuo
1066 3204 1135 3267 rei·

75 3302 243 3389 publicae
268 3305 400 3364 amicus
420 3301 513 3382 futt3
540 3307 658 3388 neque
678 3328 735 3390 me
754 3305 932 3393 poenitet,
952 3305 981 3368 si
999 3315 1057 3368 aut
1074 3324 1135 3389 pe·
1178 3359 1190 3368 .

77 3400 166 3485 tenti
196 3402 337 3468 Vatinio
366 3419 428 3461 rec
460 3405 699 3483 patrocinium
726 3402 910 3489 pellicitus
937 3402 1046 3474 stim,
1076 3407 1158 3465 aut'

75 3499 184 3564 Sextii
199 3492 444 3563 *insolentiam
479 3503 661 3586 repressi,
695 3517 752 3567 aut
783 3500 902 3574 Bibuli
929 3501 1135 3586 patientiam

77 3598 246 3682 culpavi,
280 3609 339 3662 aut
379 3594 566 3662 virtutibus
601 3600 755 3669 Caesaris
786 3586 978 3680 fav'i3'hae
1010 3599 1134 3661 laudes
1228 3653 1233 3664 .

74 3699 172 3763 enim
199 3696 335 3784 egregii
364 3694 448 3758 civis
475 3698 664 3778 et,u'uicae
698 3715 790 3767 sunt.
828 3697 926 3775 Quae
942 3697 971 3764 si
992 3711 1028 3760 tu
1046 3697 1134 3761 milri

70 3811 112 3862 ut
144 3797 226 3862 vitia
262 3795 403 3876 objicis,
433 3796 613 3865 temeritas
640 3811 700 3865 tua
723 3792 1033 3885 reprehendetur,
1059 3817 1133 3859 nou

32 3898 37 3919 '
71 3918 151 3961 mea
179 3894 260 3958 vitia
287 3893 542 3979 culpabuntur.
568 3894 672 3964 Plura
700 3899 875 3972 dicerem,
892 3896 920 3960 si
935 3894 1030 3980 apud
1045 3894 1132 3977 alios

74 3995 163 4062 mibi
183 3993 489 4081 essetdisserendr
503 3991 688 4092 impetres
714 3994 929 4081 Conscripti,
944 4003 1016 4058 no'u
1041 3990 1139 4083 apud

990 4188 1010 4229 1
