2580 4492
341 204 748 277 ..r-240..

164 401 246 446 rere
273 380 436 447 homiues
457 382 617 447 omnium
642 378 810 442 ordinum
835 374 1129 463 cnrmptissumi3

165 479 352 569 flagrantes
376 481 498 567 inopia
520 495 557 544 et
574 476 825 564 cupidinibus,
839 477 1017 542 scelerum
1039 499 1129 542 enu-

167 577 317 645 sdentia
333 580 521 668 exagitati3
541 580 672 663 quibus
690 574 792 658 quies
807 576 847 638 in
866 575 1129 656 seditionibus,

165 676 208 741 in
233 695 324 760 pace
344 681 470 744 turbae
491 689 592 743 sunt:
615 677 655 753 hi
671 673 866 738 tumultum
886 696 931 739 ex
947 676 1130 754 tumultu,

166 772 310 838 bellum
334 793 377 841 ex
400 778 499 843 bello
523 789 665 842 serunt:
694 773 877 838 Saturnini
903 774 1024 854 olim,
1046 791 1130 858 post

167 871 340 959 Sulpicii,
364 877 452 940 dein
479 875 589 943 marii
612 872 903 959 Damassipique‚
928 895 1031 941 nunc
1062 871 1131 937 l.e·

165 971 245 1059 pidi
274 971 457 1040 satellites.

268 1065 454 1138 Praeterea
486 1070 647 1151 Etruria,
672 1085 779 1156 atque
804 1091 928 1135 omnes
951 1071 1134 1157 reliquiae

165 1166 259 1233 bclli
289 1185 472 1237 arrectae:
495 1170 687 1255 Hispaniae
709 1171 816 1234 armis
838 1171 1038 1235 sollicitae:
1060 1170 1134 1236 uti·

143 1266 340 1339 ,tbridates
362 1272 404 1335 in
428 1271 539 1336 latere
556 1269 783 1358 vectigalium
807 1283 1034 1346 nostrorum,
1051 1267 1134 1354 qui·

166 1364 235 1431 bus
258 1368 376 1435 adtiuc
398 1381 648 1447 sustentamur,
672 1369 770 1430 diem
797 1368 896 1432 bello
915 1367 1129 1453 circumspi-

171 1465 241 1530 cit:
267 1466 368 1551 quin,
391 1483 539 1552 praeter¹
555 1467 729 1530 idoneum
754 1467 896 1544 ducem,
914 1464 1009 1531 nibil
1034 1467 1134 1533 abest

169 1563 215 1630 ad
239 1564 522 1631 subvertundum
547 1566 750 1650 imperium.
942 1644 946 1653 Δ

117 1668 147 1741 A
261 1660 379 1743 Quod
405 1688 471 1753 ego
497 1684 558 1730 vos
578 1685 643 1728 oro
661 1677 767 1748 atque
793 1658 945 1727 obsecro'
966 1661 1007 1726 P.
1034 1661 1074 1734 C,
1094 1675 1134 1725 ut

171 1758 482 1842 animadvortatis5
506 1785 580 1827 neu
605 1761 791 1846 patiamini
814 1761 999 1826 licentiam
1018 1762 1134 1826 scele-

172 1883 268 1939 rum,
293 1861 394 1946 quasi
419 1861 583 1941 rabiem,
608 1861 653 1925 ad
678 1861 837 1948 integros
857 1872 1026 1924 contactu
1050 1882 1134 1945 prn-

100 1992 108 2008 ·
172 1959 316 2026 cedere.
352 1959 463 2041 Nam,
488 1959 554 2030 ubi
581 1960 695 2025 malos
722 1958 878 2045 praemia
905 1974 1136 2043 sequuntur,

173 2059 272 2124 baud
296 2058 405 2127 facile
433 2060 625 2144 quisquam
653 2058 806 2147 gratuito
830 2058 946 2121 bonus
973 2069 1041 2121 cst.

272 2160 333 2222 An
357 2157 579 2244 exspectatis,
612 2156 718 2234 dum,
745 2158 901 2220 exercitu
920 2156 1047 2218 rursus
1074 2154 1137 2220 ad-

173 2267 292 2336 moto,
309 2255 408 2321 ferro
423 2268 530 2342 atque
553 2255 694 2320 flamma
710 2256 840 2319 urbem
856 2254 1018 2321 invaditl
1037 2254 1137 2341 quod

175 2355 292 2421 multo
328 2355 476 2442 propius
511 2369 564 2418 est
588 2354 633 2419 ab
660 2376 723 2433 en,
750 2377 822 2438 quo
847 2353 983 2440 agitat,
1016 2365 1136 2430 statu,

176 2474 285 2540 quam
319 2475 362 2516 ex
394 2471 483 2539 pace
510 2466 546 2515 et
571 2451 763 2516 concordia
792 2451 837 2515 ad
862 2471 958 2515 arma
986 2452 1137 2516 civilia:

175 2569 270 2637 quae
301 2549 367 2614 ille
401 2550 588 2615 adruinum
624 2550 743 2614 divina
768 2561 804 2613 ct
835 2547 1136 2623 bumana'omnia

176 2650 292 2739 cepit,
317 2673 390 2714 non
419 2672 485 2736 pro
510 2670 591 2725 aua,
617 2661 678 2714 aut
705 2671 859 2736 quorum
881 2649 1024 2712 simulat
1041 2649 1138 2729 iuju-

119 2778 122 2783 ·
175 2749 252 2839 ria,
276 2749 341 2815 sed
356 2749 480 2836 legum
505 2769 546 2814 ae
561 2747 735 2812 libertatis
759 2744 1033 2812 subvertundae.

275 2850 429 2938 Angitur
452 2846 568 2924 cuim,
594 2867 633 2910 ac
658 2847 836 2912 laceratur
860 2847 970 2908 animi
991 2846 1136 2933 eupidi-

175 2967 224 3014 ne
244 2946 471 3014 et'noxarum
494 2958 614 3021 metu,
633 2965 756 3031 expers
782 2942 946 3035 consilii,
971 2944 1138 3030 inquies,

176 3050 266 3114 baec
290 3062 397 3134 atque
433 3045 499 3111 itta
537 3057 696 3123 tentans,
720 3044 849 3109 metuit
882 3042 1026 3125 otium,
1059 3045 1138 3109 odit
