2580 4492
479 186 972 280 ’-ι33·’-”

146 396 150 412 ’
242 394 300 449 aut
314 383 405 448 mala
426 403 485 448 sua
509 377 697 481 ipoderata.
721 383 903 450 Praeterea
923 385 1080 451 seditiosi
1103 376 1175 452 ma·

240 482 402 571 gistratns
424 483 564 571 volgum
593 483 787 569 exagitare,
816 482 1004 575 Metellum
1018 485 1176 550 omnibus

215 574 473 645 ‘concionibus
499 582 621 666 capitis
645 602 844 663 arcessere,
876 583 981 649 Marii
1017 585 1195 651 virtutem·
1248 568 1255 581 ’

213 735 216 739 .
239 676 279 742 in
303 682 415 758 majus
443 680 633 746 celebrare.

337 778 498 862 Denique
522 771 645 862 plebes
665 777 715 843 sie
739 797 917 857 aceensa,
954 780 1007 846 uti
1036 778 1179 861 opifices

240 881 480 963 agresstesque
503 895 650 957 omnes,
682 896 834 958 querum
863 897 918 940 res
953 865 1111 960 fidesque
1142 876 1180 938 in

90 1008 94 1013 ·
131 1028 134 1033 .
239 974 400 1043 manibus
424 974 508 1039 sitae
521 972 792 1053 eraut,relictis
813 973 989 1058 operibus,
1011 975 1182 1059 frequen·
1225 1001 1235 1027 ι

239 1084 354 1134 tarent
385 1070 568 1150 Marium,
605 1085 640 1137 et
665 1090 725 1136 sua
758 1072 953 1138 necessaria
978 1086 1057 1156 post
1084 1073 1188 1160 illius·

237 1169 409 1233 honorem
445 1168 628 1236 ducerent.
661 1169 738 1252 lta,
768 1154 929 1256 perculsa
969 1169 1183 1248 nobilitate,

238 1282 317 1361 post
335 1266 468 1332 multas
493 1281 716 1353 tempestates
743 1290 833 1332 novo
858 1268 992 1333 homiui
1024 1267 1193 1331 consuls·
1220 1276 1224 1285 ’

238 1380 294 1430 tus
324 1365 520 1430 mandatur.
552 1365 608 1430 Et
639 1378 758 1452 postea
793 1367 946 1451 populus
974 1390 992 1430 a
1020 1365 1184 1428 Tribuuo

238 1458 352 1547 plebis
377 1464 526 1527 Manilio
552 1465 712 1527 Mantino
733 1477 891 1548 rogatus,
923 1463 1054 1542 QUEM
1078 1459 1186 1525 VEL·

238 1559 326 1623 LET
362 1558 458 1626 CUM
489 1556 729 1624 JUGURTHA
764 1558 948 1625 BELLUM
974 1556 1186 1626 GEREREi

239 1656 409 1743 frequens
433 1655 585 1720 Marium
611 1655 720 1736 jussit
1212 1686 1219 1697 ι

340 1755 486 1839 Senatus
514 1755 636 1840 paullo
670 1767 764 1819 ante
783 1754 933 1821 Metello
958 1756 1187 1819 decreverat:

239 1854 614 1921 mmmmm.
807 1924 810 1931 ¹

27 1990 40 2020 κ
172 1956 213 2029 74
338 1953 472 2016 Eodem
497 1949 865 2040 temporeJugurtha,
891 1947 1022 2013 amissis
1041 1947 1186 2027 amieis,

241 2072 392 2130 quorum
413 2049 603 2130 plerosque
625 2050 700 2130 ipse
718 2060 920 2123 necaverat,
939 2047 1048 2109 ceteri
1066 2045 1188 2114 formi-

240 2147 337 2224 dine,
355 2165 434 2229 pars
454 2146 497 2208 ad
512 2142 706 2220 Romanos,
724 2143 786 2206 alii
806 2144 849 2206 ad
867 2159 988 2230 regem
1008 2141 1187 2209 Bocchum

239 2243 488 2330 profugerant,
509 2263 619 2325 quum
636 2248 754 2324 neque
771 2238 907 2303 bellum
936 2239 1012 2326 geri
1028 2241 1111 2306 sine
1127 2240 1185 2305 ad·

242 2340 409 2404 ministris
426 2351 554 2423 posset,
566 2354 600 2402 et
617 2360 788 2402 uovorum
806 2336 924 2409 fidem,
938 2339 977 2399 in
997 2351 1090 2403 tanta
1107 2359 1186 2424 per-

237 2435 320 2500 fidia
343 2451 514 2513 veterum,
532 2430 536 2445 ⁸
554 2437 706 2520 experiri
740 2434 980 2520 periculosum
1008 2437 1185 2512 duceret,

61 2580 73 2592 „
155 2616 158 2621 Ι
193 2602 196 2613 .
240 2532 360 2599 varius¹
379 2532 608 2619 incertusque
633 2532 939 2623 agitabatzueque
954 2533 1012 2597 illi
1028 2555 1104 2614 res,
1125 2555 1186 2598 ue·

237 2653 307 2717 que
347 2631 535 2707 eonsilium
564 2645 623 2698 aut
665 2634 850 2716 quisquam
881 2632 1066 2699 hominum
1103 2626 1184 2698 satie
1266 2627 1268 2634 ’

238 2731 421 2825 placebat,
445 2730 572 2799 itinera
590 2731 860 2816 praefectosque
882 2730 1014 2795 indies
1036 2738 1182 2795 mutare:

237 2832 344 2902 modo
371 2831 552 2896 advorsum
571 2832 706 2918 hostes,
726 2826 903 2893 interdum
921 2829 960 2891 in
975 2829 1185 2894 solitudines

237 2947 413 3018 pergere,
434 2947 536 3012 saepe
562 2927 600 2991 iu
617 2927 738 3013 fuga,
757 2941 804 2992 'ac
832 2941 910 3010 post
934 2926 1064 3011 paullo·
1080 2916 1184 3012 ¹spem

237 3028 397 3098 inarmis
415 3025 569 3088 habere:
588 3006 771 3103 dubitare,
797 3024 915 3088 virtuti
939 3024 1180 3114 popularium,

239 3125 382 3189 ansidei
401 3122 515 3186 minus
538 3121 709 3186 erederet.
729 3122 797 3200 lta,
818 3127 1043 3213 quocumque
1063 3124 1181 3187 inten-

200 3244 205 3254 ’
237 3220 355 3298 derat,
380 3243 437 3284 res
463 3221 625 3286 advorsae
653 3233 761 3284 eraut.
874 3287 876 3290 Α
1113 3228 1116 3242 ¹
1178 3270 1181 3276 .

335 3315 429 3382 Sed
419 3330 524 3383 mter
519 3339 587 3383 eas
613 3340 725 3383 moras
745 3330 891 3402 repente
917 3338 991 3380 sese
1014 3317 1182 3383 Meteilus

170 3418 172 3423 ’
239 3412 320 3483 eum
346 3419 499 3481 exercitu
528 3417 691 3481 ostendit.
730 3413 913 3478 Numidae
943 3415 986 3478 ab
1011 3417 1185 3502 Jugurtha

189 3520 193 3531 '
237 3538 303 3601 pro
325 3506 880 3601 t'empore'paratiinstructique;
892 3512 985 3588 dein
1009 3513 1185 3601 praelium

153 3641 156 3647 ·
198 3602 200 3607 ’
238 3614 419 3712 incipitur.
512 3699 516 3704 .
553 3628 557 3634 ·
647 3664 653 3673 ,
