2580 4492
521 226 579 280 ·...·
646 194 717 290 ιιι
782 220 846 274 ’”-’
923 197 927 208 ’

169 419 211 480 57
239 392 242 399 ¹
335 406 468 481 Marius
500 405 559 472 a'd‘
577 403 718 473 Zamam·
739 394 910 491 pertenit.
949 405 989 472 ld
1016 398 1191 493 oppidum

179 583 190 601 .
239 503 279 568 in
310 527 434 598 compo
467 505 592 587 situm,
616 507 726 595 magis
760 524 891 586 opere,
927 529 1033 589 quam
1067 522 1191 602 natura
1261 496 1265 507 ’

238 604 414 676 munitum
435 618 525 670 erat:
546 604 849 671 nullius'idoneae
866 604 919 667 rei
937 616 1056 691 egens,
1086 610 1191 672 armis

135 742 150 761 -ι
238 692 394 791 sitisque
423 706 648 787 opulentum.
675 705 784 792 lgitur
801 702 993 783 Metellus,
1008 726 1083 788 ¹pro
1104 719 1192 769 tem·
1224 708 1251 745 Ψ

235 823 323 888 pore
353 809 460 888 atquc
486 802 575 882 luco⁸
596 806 723 886 paratis
743 798 867 878 rebus,
898 798 1024 867 cuncta
1050 807 1189 869 moenia

239 901 395 968 exercitu
408 899 654 977 circumvenit.
677 897 815 988 Legatis
830 899 998 982 imperat,
1014 902 1076 965 ubi
1094 902 1190 986 quis·

239 1020 314 1083 que
334 1013 494 1065 curaret:
516 999 648 1097 deinde
665 1049 685 1088 „
665 1000 808 1088 ‚signo
834 997 932 1077 dato,
964 997 1131 1085 undique
1145 1001 1192 1066 si·

234 1098 313 1162 mul
325 1098 492 1163 clamor
481 1118 617 1187 ingens
628 1099 752 1163 oritur.
767 1092 904 1181 Neque
930 1118 969 1159 ea
986 1117 1042 1161 res
1069 1099 1192 1164 mei-

235 1196 297 1262 das
318 1208 442 1273 terret,
468 1195 603 1269 infensi
625 1196 826 1282 intentique
846 1196 922 1262 sinc
940 1180 1095 1261 tumultu
1117 1220 1190 1261 ma·

234 1307 345 1359 nent·
370 1294 555 1381 praelium
578 1293 760 1380 incipitur.
1224 1307 1226 1311 ’

277 1390 505 1472 Rotnani,
513 1417 578 1483 pro
593 1393 739 1483 ingenio
766 1392 935 1480 quisque,
953 1414 1031 1476 pars
1050 1385 1189 1471 eminus

230 1488 387 1582 glande,
412 1504 472 1583 aut
498 1493 677 1576 lapidibus
695 1512 872 1581 pugnare3
898 1492 961 1557 olii
980 1492 1187 1570 succedere,

131 1671 135 1682 Ι
233 1608 276 1652 ac
310 1611 451 1654 ιιιιιιιιιιι
484 1593 590 1655 modo
621 1590 837 1677 subfodere,
859 1592 970 1653 'modo
1001 1590 1105 1653 scalis
1126 1591 1186 1655 ad·

231 1688 352 1776 gredi:
378 1709 510 1772 cupere
522 1691 727 1775 praelium
716 1712 757 1754 ln
776 1687 1086 1754 manibusfacere.

233 1863 236 1869 ¹
325 1785 454 1855 Contra
479 1809 520 1854 ea
549 1789 749 1874 oppidani
739 1809 777 1852 ιιι
794 1790 983 1904 proxumos
1006 1804 1085 1848 sara
1110 1785 1185 1849 rol·

203 1904 340 1966 -rere
364 1887 494 1966 sudes,
521 1887 594 1974 pila
617 1902 801 1971 praeterea
824 1888 950 1973 pice,
952 1897 987 1959 et
1013 1883 1184 1964 sulphure

228 1987 368 2066 taedam
395 1986 557 2065 mixtam,
580 1987 742 2051 ardentia
763 1986 915 2051 mittere

321 2083 392 2145 Sed
406 2104 472 2146 nec
491 2082 592 2159 illos,
610 2083 672 2165 qui
689 2085 826 2163 procul
840 2093 1062 2162 manserant,
1078 2080 1183 2147 timor

229 2179 339 2253 animi
375 2180 454 2246 satis
477 2180 686 2244 muniverat.
715 2176 810 2243 Nam
840 2180 1032 2269 plerosque
1063 2178 1179 2261 iacula

198 2274 432 2364 gtormentis,
459 2293 517 2343 aut
542 2301 649 2343 manu
669 2272 791 2346 emissa
817 2276 1066 2343 vulnerabant:
1081 2277 1179 2365 pari-

226 2399 303 2492 que·
322 2377 503 2467 periculo,
527 2378 592 2441 sed
614 2376 737 2441 fama*
726 2376 871 2461 impari,
891 2375 978 2440 boni
1004 2391 1110 2463 atque
1126 2376 1178 2465 ig·

225 2478 305 2542 navi
336 2489 449 2553 erant
719 2492 722 2500 ’

153 2574 197 2646 58
317 2573 408 2640 Duru
438 2575 530 2661 apud
557 2571 695 2640 Zamam
723 2576 773 2640 sic
809 2584 980 2654 certatur,
1005 2552 1177 2671 Jugurtlra

223 2693 265 2736 cx
288 2670 483 2788 improviso
505 2687 615 2742 castra
640 2673 792 2740 hostium
817 2694 899 2738 cum
922 2695 1047 2760 magna
1068 2696 1175 2739 manu

161 2831 168 2840 .
220 2771 374 2837 invadit:
374 2772 565 2855 remissis,
587 2771 649 2856 qui
673 2773 711 2836 in
727 2768 905 2856 praesidio
931 2784 1030 2836 erant
1049 2787 1083 2839 et
1100 2796 1174 2837 om·

218 2873 279 2935 nia
303 2874 437 2958 magis,
455 2885 560 2957 quam
578 2871 752 2952 praelium
775 2870 1077 2955 exspectantibus,
1093 2894 1177 2958 por·

219 2974 298 3033 tam'
315 2970 491 3054 irrumpit.
532 2973 578 3031 At
603 2972 730 3053 nostri,
757 2971 944 3051 repentino
973 2983 1071 3035 metu
1092 2989 1173 3055 pcr-

220 3067 330 3146 culti,
358 3069 424 3131 sibi
452 3067 602 3156 quisque
620 3088 685 3152 pro
704 3067 858 3134 moribus
881 3070 1092 3132 consulunt:
1111 3068 1180 3134 alii¹
1281 3114 1283 3122 -

216 3164 362 3251 fugere,
381 3164 441 3232 alii
458 3187 551 3231 arma
577 3186 721 3248 capere:
739 3189 861 3254 magna
882 3186 960 3249 pars
984 3169 1171 3257 volnerati,

215 3275 276 3328 aut
303 3266 422 3330 occisi.
463 3263 626 3328 Ceterum
653 3286 694 3328 cx
721 3267 821 3330 omni·
841 3264 1071 3348 multitudine
1096 3289 1171 3345 non

215 3361 364 3445 amplius
392 3361 641 3450 quadraginta,
671 3383 840 3430 memores
866 3364 1018 3428 nominis
1043 3358 1170 3433 Roma·
1208 3417 1213 3424 .
1273 3434 1277 3443 ,

214 3459 273 3536 ni,
302 3481 410 3549 grege
436 3462 555 3550 facto,
573 3459 692 3524 locum
718 3480 863 3545 cepere,
886 3465 1038 3553 paullo,¹
1061 3488 1168 3553 qttam

215 3557 302 3634 alii,
324 3559 529 3629 editiorem:
557 3578 672 3640 ,neque
689 3558 774 3622 inde
794 3582 953 3632 maxuma
970 3558 1002 3626 vi
1031 3562 1168 3648 depelli

119 3717 124 3748 ζ
219 3647 424 3760 uuiversum
442 3657 503 3729 sed
520 3655 588 3729 tcla
601 3657 737 3722 eminus
754 3660 853 3743 missa
872 3661 1167 3748 remittere,pau·
1198 3677 1202 3685 ·
