2580 4492
399 264 530 297 ..-
609 244 802 339 2⁰47*

301 415 351 481 Ea
369 414 489 481 Sullae
505 426 540 480 et
560 415 742 501 plerisque
766 415 963 502 placuere:
989 421 1095 506 pauci
1108 423 1167 488 fe·

201 511 318 595 toeiue
350 512 565 594 deeornunt,
599 513 739 580 seilicet
773 514 887 605 ignari
925 517 1164 603 humanarum

199 632 339 694 rerum,
375 627 472 699 quae¹
500 614 613 679 fluxae
648 623 683 676 et
707 612 858 683 mobiles
879 607 1018 702 temper
1037 620 1076 685 in
1098 622 1162 687 ad·

202 730 300 779 torsa
341 724 533 780 mutantur.
847 744 850 749 ·
1031 770 1037 784 ,
1223 722 1228 727 ’

300 798 465 879 Ceterum
483 809 621 889 Mauri,
646 808 839 894 impetratis
853 813 1020 879 ‘omuibus
1035 816 1159 899 rebus,

199 921 271 980 tres
281 906 428 974 Romam
438 907 593 996 profecti
611 929 692 973 oum
711 908 773 972 Cn.
789 910 1060 995 Octaviodiufo,
1097 917 1164 1002 qui

141 1051 144 1055 -
199 1007 372 1089 Quaestor
387 1007 605 1092 stipendium
621 1006 661 1071 in
674 1007 833 1073 Africam
846 1024 1062 1093 portaverat:
1088 1015 1163 1082 duo

52 1106 58 1146 ²
169 1100 172 1105 ’
197 1105 244 1169 ad
254 1100 378 1195 regem
388 1106 553 1171 redeunt.
580 1103 630 1168 Ex
642 1105 695 1170 hie
712 1099 873 1176 Boeohus
887 1131 1003 1194 quum
1016 1123 1160 1195 cetera,

195 1218 272 1270 tum
299 1224 461 1270 maxume
487 1201 745 1292 benignitatem
774 1219 810 1273 et
845 1209 1004 1274 studium
1038 1208 1161 1278 Sullae

174 1326 180 1339 ·
200 1302 329 1368 lubens
349 1300 497 1389 accepit.
548 1301 681 1367 Romae
698 1303 822 1392 legetis
847 1307 942 1388 ejus,
970 1323 1162 1393 postquam

199 1421 332 1466 errasse
358 1391 480 1490 ¹regom
499 1410 534 1466 et
552 1401 748 1488 iugurthae
759 1404 895 1468 scelere
904 1406 1068 1496 lapsum,
1092 1409 1162 1473 de·

193 1498 330 1585 precati
348 1510 449 1575 eunt,
475 1499 666 1562 amicitiam
678 1515 712 1562 et
724 1500 852 1565 foedus
871 1504 1076 1587 petentibus
1086 1507 1162 1574 hoo

96 1629 102 1635 ·
193 1598 303 1663 modo
331 1595 579 1681 respondetur·
799 1586 828 1661 ,’

290 1692 461 1782 „Senatus
482 1705 518 1758 et
539 1693 694 1780 populus
720 1691 899 1762 Romanus
924 1697 1096 1766 beneficii
1118 1717 1157 1769 et

190 1793 368 1875 „injuriae
397 1813 533 1858 memor
558 1811 633 1857 esse
661 1790 762 1857 solet.
790 1792 955 1860 Ceterum
989 1796 1160 1883 Boooho,

196 1891 392 1980 „quoniam
410 1891 571 1978 poenitet
580 1904 592 1970 ,“
616 1889 740 1955 delicti
765 1880 913 1979 gratiam
937 1894 1036 1961 feeit.
1063 1896 1156 1966 Foe-

100 1998 106 2005 ’
194 1983 285 2074 ὐἀιιε
314 2003 349 2056 et
381 1988 536 2055 amicitia
562 1988 754 2065 dabuntur,
783 2012 896 2075 quum
920 1994 1131 2062 meruerit.“
1156 1996 1170 2007 “

124 2089 192 2161 105
241 2110 257 2127 ··
292 2088 380 2168 Quis
413 2088 520 2179 rebue
541 2088 715 2174 'cognitis,
743 2088 904 2157 Bocchus
936 2110 1002 2176 per
1027 2093 1152 2176 literas

191 2187 344 2269 aMario
368 2184 514 2275 petivit,
540 2184 594 2248 uti
619 2183 755 2250 Sullam
774 2185 818 2251 ad
829 2208 866 2252 se
887 2187 1063 2271 mitteret3
1090 2217 1157 2259 eu-

42 2296 51 2319 ‘
92 2282 140 2362 t]
189 2293 247 2371 jue
273 2283 443 2352 arbitratu
467 2284 514 2348 de
538 2280 786 2349 communibus
805 2287 965 2374 negotiis
988 2293 1155 2356 eonsule-

188 2400 300 2451 retur.
350 2384 382 2447 ls
406 2380 531 2446 mineus
556 2402 637 2445 eum
657 2382 834 2463 praesidio
855 2386 1017 2470 equitum
1042 2403 1154 2476 atque

189 2483 374 2570 peditum,
400 2479 626 2547 funditorum
645 2476 872 2544 Balearium:
896 2498 1080 2568 praeterea
1099 2511 1154 2557 aa.

190 2579 322 2668 gittarii
345 2591 379 2642 et
397 2576 521 2644 euhoe
539 2574 686 2669 Pelium
704 2599 787 2642 eum
804 2577 1007 2648 velitaribus
1023 2588 1153 2669 armis,

186 2677 326 2747 itineris
351 2673 569 2763 properandi
604 2696 705 2741 eausa
728 2697 739 2734 ε
764 2698 896 2761 meque
929 2681 984 2746 bis
1022 2703 1149 2767 aeuus,

189 2770 296 2871 etque
322 2776 400 2843 aliis
417 2774 543 2851 armis,
561 2772 747 2837 advorsum
765 2775 834 2839 tela
851 2777 1027 2866 hostium,
1050 2788 1152 2868 quod

188 2897 230 2942 ea
257 2875 348 2939 levia
375 2886 475 2949 sunt,
502 2871 644 2934 muniti,

287 2973 357 3037 Sed
394 2971 546 3061 itinere,
583 2970 709 3053 quinto
736 2971 893 3058 denique
918 2974 998 3055 die,
1024 2977 1147 3048 ‘Volux

184 3073 279 3138 filius
305 3068 454 3148 Bocchi,
480 3078 651 3154 tepente,
676 3068 716 3131 in
741 3068 874 3155 eampis
912 3076 1142 3160 patentibus,

187 3193 270 3235 oum
307 3164 408 3231 mille
440 3187 514 3230 non
540 3154 691 3251 amplius
716 3169 896 3253 equitibus
923 3192 998 3238 sese
1024 3190 1143 3243 osten·
1217 3158 1222 3170 ’

184 3269 256 3337 dit:
287 3267 351 3353 qui
380 3278 513 3345 temere
539 3276 574 3328 et
600 3266 708 3330 effuse
735 3281 859 3334 euntes
888 3267 1007 3344 Sullae
1043 3275 1144 3342 aliis·

184 3386 256 3454 que
273 3364 436 3430 omuibus
462 3378 497 3428 et
520 3383 711 3427 numerum
736 3367 945 3452 ampliorem
970 3378 1075 3454 uer'o,
1101 3389 1140 3442 et

65 3489 69 3495 ·
181 3466 348 3535 hostilem
372 3477 507 3529 metum
533 3462 745 3527 efficiebant.

193 3616 199 3623 .
282 3562 392 3650 igitur
412 3582 487 3627 sese
517 3563 669 3647 quisque
695 3561 882 3646 expedire,
908 3585 1000 3632 arma
1026 3562 1136 3655 atque

180 3664 250 3739 tela
276 3672 428 3738 tentare,
454 3660 662 3724 intendere:
687 3661 792 3723 timor
818 3662 1042 3747 aliquantus,
1065 3673 1133 3736 sed

150 3789 154 3797 ·
180 3783 259 3855 spea
284 3757 453 3849 amplior,
480 3759 613 3847 quippe
638 3755 850 3844 uictoribus,
876 3776 910 3828 et
942 3746 1132 3857 advousum

185 3854 212 3887 a
553 3860 557 3869 ,
711 3874 714 3879 y
