2580 4492
499 234 550 265 ··-
626 159 691 287 aa
746 235 819 264 ·-
885 247 890 262 ·

105 391 470 516 villarum-partium,
496 387 586 466 fidus
612 402 762 481 nemini,
787 400 997 480 levissuurjus
1025 412 1184 492 senator,

129 497 369 566 mercenarius
402 496 593 590 patronus,
628 505 728 582 cnjus
754 502 854 565 nulla
883 522 970 595 pars
990 507 1188 615 corporisa
1222 556 1224 561 .

131 599 353 685 turpitudine
365 612 480 664 uacat·
506 601 627 689 lingua
646 623 751 682 vana,
776 623 901 666 manus
918 600 1190 714 rapacissumae,

132 699 416 794 gulaimmensn,
443 650 580 795 pitius
587 700 761 786 fugaces3
786 704 1042 783 qnaehoneste
1072 702 1191 766 ncmi·
1235 743 1239 751 -

131 819 210 863 narr
225 810 298 860 non
315 810 473 883 possunt,
501 790 806 891 inhonestissuma.
858 800 1010 883 Atque
1000 820 1048 875 15,
1078 822 1190 890 quum
1221 809 1225 817 '

134 897 387 978 ejusmodisit,
413 910 530 960 tamen
546 898 651 961 audet
671 899 813 962 dtcere
851 897 1108 962 Oiortnuatam
1128 921 1189 962 na·

130 1010 204 1061 tarn
229 1001 286 1058 mc
314 996 460 1059 consule
496 993 661 1077 Romam!
699 997 754 1061 Tc
780 998 926 1064 consule
958 997 1185 1074 fortunatam,

74 1085 79 1090 ⁸
134 1094 287 1160 cicero?
313 1093 384 1156 imo
411 1115 493 1157 vero
519 1094 705 1158 infelicem
725 1109 759 1160 et
778 1095 954 1171 miseram,
982 1117 1084 1179 quae,
1108 1097 1215 1157 cru·'
1254 1121 1265 1141 ·‹

98 1219 101 1223 ·
135 1181 377 1258 dellissumam
407 1193 704 1276 proscriptionem
739 1194 870 1258 civium
904 1212 1068 1279 perpessa
1109 1206 1190 1270 5555
1238 1222 1240 1227 ·

137 1314 247 1376 quum
263 1303 302 1358 tu
326 1289 530 1375 perturbata
545 1291 758 1375 republica,
784 1287 880 1357 metu
906 1293 1088 1378 perculsos
1111 1314 1186 1355 om
1263 1310 1265 1319 ’

134 1393 189 1454 nis
223 1377 336 1452 bonos
360 1408 487 1481 parere
523 1389 740 1479 crudelitati
756 1403 837 1455 tuae
872 1391 1041 1483 cogebas,
1077 1412 1189 1472 quum

133 1490 251 1552 omnia
278 1486 433 1566 judicia,
460 1507 580 1570 omnes
607 1488 740 1573 leges
731 1509 770 1550 111
794 1500 853 1553 tua
874 1489 1035 1552 lubidine
1065 1499 1183 1565 erant3

135 1609 295 1673 quum
271 1598 330 1663 tu,
363 1585 498 1650 sublata
534 1586 616 1674 lege
643 1582 788 1665 Porcia,
833 1602 951 1673 erepta
992 1584 1211 1670 libertate,¹

133 1687 294 1748 omnium
320 1698 488 1751 nostrum.
504 1683 617 1765 vitae,
652 1683 822 1767 necisque
845 1677 1049 1770 potestatem
1078 1685 1122 1753 ad
1150 1697 1187 1748 tc

132 1806 246 1847 unum
281 1803 515 1845 revocaveras.

230 1879 340 1962 Atqui
366 1903 490 1964 parum
510 1894 582 1956 555,
607 1881 738 1966 quod
728 1861 875 1966 impunc
899 1879 1035 1957 fecisti,
1063 1900 1185 1952 verum
1222 1875 1224 1880 ’

134 1981 239 2044 etiam
265 1979 573 2070 commemorando
593 1979 813 2067 exprobras,
841 2001 960 2062 neque
986 1966 1071 2043 11555
1098 1978 1188 2045 ohli-

128 2079 217 2145 51551
236 2077 412 2142 servitutis
439 2098 533 2142 suae
562 2077 706 2166 Egeria,
732 2096 870 2158 orote,
899 2077 1043 2157 Cicero,
1069 2076 1187 2160 perfe

71 2183 82 2258 *j
132 2176 245 2266 ceris,
272 2174 489 2260 quodlibet:
515 2176 594 2240 satis
619 2192 670 2241 555
689 2197 872 2263 perpessos
899 2197 972 2240 esse
988 2196 1004 2267 ²,
1032 2177 1185 2251 etiamne

131 2296 233 2340 aures
251 2269 382 2338 nostras
412 2274 494 2337 odio
527 2275 815 2341 tuo'cncrabis‘r’.
835 2277 986 2340 etiamne
1013 2272 1187 2341 uiolentis-
1264 2322 1266 2331 ,

85 2386 88 2391 ’
119 2376 236 2441 'sumis
262 2372 376 2437 verbis
401 2372 646 2447 insectabere?
674 2373 920 2452 Cedantarma
945 2386 1068 2459 togae,
1104 2393 1189 2441 con·
1225 2377 1229 2385 ’
1274 2413 1278 2422 ,

117 2472 233 2538 'cedat
259 2473 379 2535 laurea
405 2471 562 2558 linguae.
615 2472 722 2550 Quasi
751 2475 832 2538 ve'ro
861 2487 921 2554 15)σ
900 2486 1018 2558 atus,
1055 2484 1089 2549 ct
1113 2475 1188 2542 55555Ι

61 2635 67 2649 Ι
128 2581 300 2653 armatus,
320 2588 378 2643 ea,
405 2588 496 2650 quae
518 2569 691 2653 gloriaris,
716 2571 937 2647 confeceris,
974 2582 1079 2653 atque
1096 2565 1188 2632 555555
1287 2646 1289 2651 s

130 2683 184 2744 55,
194 2664 414 2749 Sullamque
431 2665 664 2746 51155555555555
701 2682 841 2752 praeter
874 2690 1008 2739 nomen
1025 2667 1187 2752 imperii,
1207 2664 1212 2674 '

130 2764 326 2852 quidquam
354 2763 567 2828 interfuerit.
622 2790 642 2837 ,¹
736 2840 739 2846 Ι

229 2861 296 2925 Sed
315 2861 403 2946 qnid
426 2881 491 2948 ego
504 2858 614 2946 ‘plura
628 2861 672 2926 de
690 2868 748 2928 tua
760 2858 949 2930 insolentia
974 2874 1187 2955 commemo·

128 2968 222 3028 rem?
243 2979 349 3043 quem
358 2959 516 3027 Minerva
527 2964 638 3024 omnis
657 2972 746 3024 artes
757 2963 912 3039 edocuit,
925 2964 1062 3048 Jupiter
1080 2975 1184 3044 optu-

127 3081 205 3122 mus
215 3054 427 3123 Maxumus
418 3080 456 3120 tn
477 3058 627 3124 consilio
648 3060 797 3128 deornm
810 3061 962 3141 adinisit,
976 3059 1072 3141 ltalia
1088 3078 1187 3126 55555
1260 3093 1263 3099 -

128 3159 201 3220 lem
215 3157 370 3228 humeris
382 3157 453 3221 suis
478 3156 678 3242 reportarit.
706 3156 774 3221 Oro
792 3171 839 3234 te,
853 3157 1002 3225 Romule
1022 3158 1187 3267 Arpinas,

129 3255 199 3339 qui
212 3255 362 3350 egregia
378 3268 435 3320 tua
458 3256 595 3322 virtute
611 3255 725 3320 omnis
749 3255 911 3337 Paullus,
938 3256 1101 3330 Fabios,
1111 3252 1186 3317 Sci·

127 3356 277 3437 pioncs‚
305 3342 495 3436 superasli3
522 3346 787 3443 quemtandem
812 3355 990 3424 locumin
1018 3352 1224 3427 15555151,

127 3464 197 3518 tate
225 3450 388 3517 obtines?
415 3475 505 3537 quae
523 3451 602 3514 ttibi
627 3466 740 3535 partes
774 3453 992 3540 reipublicae
1012 3446 1183 3535 placenti
1227 3492 1229 3496 -

129 3569 237 3632 quem
265 3549 416 3617 amicum
443 3563 555 3635 quern
571 3548 755 3624 inimicum
781 3551 920 3619 habeti
945 3549 1069 3615 5551155
1102 3545 1187 3610 5151-

126 3659 197 3709 tate
230 3645 350 3709 iecisti
390 3647 910 3728 insidias,‚aucillari5.³Quo
945 3652 1047 3728 jure,
1074 3641 1186 3728 quum

127 3765 173 3831 pe
200 3728 326 3808 arsitio
346 3759 406 3810 tuo
431 3746 649 3832 Dyrrhachio
671 3746 816 3837 redisti,
837 3766 924 3810 eum
952 3742 1185 3830 sequebaris?

126 3863 215 3926 quos
242 3856 407 3953 tyrannos
429 3844 651 3930 adpellabas,
679 3865 802 3908 eorum
817 3866 913 3916 nunc
930 3841 1114 3930 potentiae
1132 3842 1184 3906 fa·

104 3934 231 4027 5551
250 3938 314 4022 qui
350 3941 414 4009 tibi
440 3954 519 4006 ante
554 3935 742 4030 optimates
770 3938 1003 4017 videbantur,
1040 3922 1186 4013 ,55551551
1262 3966 1272 4001 5

80 4036 83 4047 ’
132 4059 228 4104 nunc
256 4023 466 4144 demeritas,
493 4063 531 4107 ac
559 4038 856 4109 furiososvocasi
883 4040 1014 4109 Vatinii
1040 4057 1219 4131 sausam'
