2580 4492
430 175 527 252 ·'...·
582 205 650 284 aaa
727 226 778 247 -·
840 208 859 293 Ἰ
1094 215 1111 250 ·

287 389 362 477 Ego
380 386 429 451 sic
445 388 636 464 eristum03
662 383 831 467 quoniam
850 372 923 452 orta
950 387 1074 453 omnia
1092 387 1154 452 in·-

191 504 351 566 tereunt,
386 509 455 571 qua
480 495 687 570 tempestate
718 484 799 549 urbi
819 478 1003 551 'Romanae
1023 487 1150 561 fatum

191 589 307 652 excidi
352 582 566 658 adventarit,
613 583 697 650 civis
732 606 814 647 cum
850 585 984 649 civibus
1015 607 1151 651 manus

193 700 435 765 conserturos;
459 684 508 761 ita
526 682 681 748 defessos
700 694 736 743 et
762 703 937 772 exangues
967 680 1063 771 Regi
1088 696 1153 749 aut

193 778 329 849 na'tioni
356 784 506 866 praedae
523 772 672 847 futurosss
724 782 839 849 Aliter
854 805 929 846 non
949 783 1047 847 orbis
1075 794 1153 845 ter·

194 907 324 960 rarum,
350 903 467 967 neque
489 894 637 946 cunctae
650 893 772 968 gentes
790 881 1052 970 conglobatae,
1071 901 1153 944 mo·

192 1003 273 1046 vere
291 991 350 1045 aut
372 983 596 1044 contundere
616 991 751 1063 quen-nt
776 981 1071 1065 hocimperium.

291 1080 478 1143 Firmanda
496 1079 605 1165 igitur
622 1092 703 1142 sunt
720 1088 754 1139 et
778 1079 991 1144 concordiae
1022 1077 1151 1158 hona,

154 1172 158 1194 ⁵
196 1191 229 1244 ct
262 1179 461 1242 discordiae
487 1179 577 1243 mala
596 1176 818 1261 expellenda.
908 1251 912 1258 ι

291 1276 335 1338 Id
356 1278 404 1340 ita
432 1278 591 1353 eveniet,
618 1277 647 1338 si
669 1269 847 1344 sumtuum
873 1290 908 1340 et
937 1274 1152 1359 rapinarum

192 1376 376 1438 licentiam
401 1377 594 1451 demseris,
614 1390 693 1437 'non
717 1375 761 1435 ad
777 1389 892 1440 vetera
918 1376 1080 1438 instituta
1095 1388 1154 1438 re·

111 1526 115 1537 .
193 1494 343 1551 vocam,
370 1471 546 1556 quaejam
571 1473 731 1558 pridem,
766 1475 940 1558 corruptis
965 1472 1152 1550 moribuS,

194 1570 353 1635 ludibrio
374 1587 453 1635 sunt
466 1598 476 1650 3
502 1573 564 1637 sed
590 1574 620 1636 si
641 1594 739 1637 suam
759 1574 891 1657 cuique
913 1571 1002 1636 rem'
1016 1571 1155 1636 famili·

194 1691 289 1734 arem
313 1670 421 1734 finem
453 1684 632 1735 sumtuum
657 1671 830 1735 statueris.

292 1768 469 1845 Quoniam
486 1771 513 1836 is
533 1770 681 1834 incessit
703 1789 798 1848 mos,
827 1782 867 1832 ut
881 1767 1045 1834 homines
1065 1769 1151 1835 ado·

193 1867 404 1948 lescentuti,
431 1881 621 1951 sua-atque
647 1868 763 1932 aliena
792 1883 1025 1943 consumere,
1054 1867 1148 1931 nihil

195 1965 369 2044 lubidini,
393 1979 498 2050 atque
513 1967 592 2031 aliis
604 1965 828 2054 rogantibus,
848 1962 1053 2053 denegare,
1067 1959 1149 2052 pul·

150 2066 154 2076 “
195 2069 421 2128 cherrumum
458 2078 602 2150 putent:
629 2087 707 2127 eam
732 2063 914 2146 virtutem,
951 2077 986 2126 et
1014 2064 1153 2153 magni·

194 2162 356 2226 tudinem
377 2165 505 2240 animi3
532 2164 706 2245 pudorem
733 2174 840 2243 atque
858 2161 1066 2227 modestiam
1083 2186 1150 2246 pro

197 2261 355 2324 socordia
380 2263 577 2327 aestiment.
628 2261 722 2349 Ergo
749 2255 886 2326 animus
919 2259 1046 2341 ferox,
1070 2267 1151 2345 pr'a·

139 2408 143 2419 .
194 2382 233 2424 va
261 2359 311 2422 via
331 2360 524 2446 ingressus,
551 2359 613 2422 ubi
638 2372 804 2422 consueta
837 2384 909 2423 non
935 2367 1157 2445 suppetunt,

194 2459 309 2520 fertur
342 2479 509 2521 accensus
537 2456 575 2518 in
600 2457 712 2519 socios
747 2458 872 2535 modo,
900 2458 1008 2520 modo
1032 2458 1072 2522 in
1103 2458 1150 2522 ci·

196 2556 265 2619 sis:
311 2570 428 2619 moret
448 2553 660 2639 composita,
688 2567 722 2618 et
747 2556 803 2618 res
828 2575 933 2623 novas
969 2551 1150 2621 veteribus

188 2654 363 2741 acquirit.
412 2673 430 2737 ᾗ
494 2706 497 2711 .
800 2715 802 2718 ,
875 2728 876 2731 ¹

251 2803 255 2809 .
295 2754 411 2831 Quare
435 2752 621 2818 tollendus
653 2748 858 2815 foenerator
881 2751 919 2814 in
946 2766 1151 2836 posterum,

196 2853 248 2918 uti
273 2875 349 2918 suaa
367 2852 519 2936 quisque
545 2869 598 2912 res
622 2853 796 2940 curemnsss
848 2849 896 2913 Ea
925 2873 1004 2916 vera
1044 2865 1152 2935 atque

196 2938 345 3034 simplex
367 2952 420 3014 via
440 2965 513 3028 est,
535 2947 774 3035 magistratum
794 2941 952 3033 populo,
978 2973 1054 3013 nou
1074 2968 1152 3015 cre·

140 3083 143 3093 ·
195 3045 326 3130 ditori‚
353 3070 496 3137 gerere,
525 3062 558 3111 et
578 3047 861 3131 magnitudinem
882 3046 991 3111 animi
1021 3048 1062 3110 in
1089 3050 1151 3113 ad·

18 3229 19 3232 Ἴ
198 3148 339 3227 dendo,
373 3171 445 3210 non
481 3146 658 3220 demendo
693 3144 914 3230 reipublicae
945 3148 1152 3220 ostendere.
1182 3222 1186 3231 Ι

117 3264 145 3332 ,9
229 3252 233 3257 ’
268 3251 410 3329 -Atque
431 3268 496 3334 ego
518 3246 611 3321 scio,
639 3266 745 3327 quam
771 3265 892 3327 aspera
917 3247 1004 3309 haec
1032 3248 1153 3311 resin

195 3346 373 3433 principio
399 3346 517 3425 futura
534 3345 604 3420 sit,
633 3343 839 3424 praesertim
864 3341 926 3419 iis,
954 3343 1074 3427 quise
1110 3347 1151 3409 in

198 3445 340 3509 victoria
361 3444 525 3509 licentius
540 3436 787 3526 liberiusque,
815 3463 921 3526 quam
940 3438 1049 3510 artius
1064 3487 1073 3524 ,
1090 3445 1149 3508 fu·
1201 3507 1204 3511 .
