2580 4492
529 261 575 338 ·;
606 229 726 346 ..2¹⁵4
800 248 854 276 ··“

238 408 394 476 uuntioe
412 411 529 474 mittit.
569 409 633 473 llle
658 393 808 491 probare
834 397 981 492 partim,
1002 407 1203 472 alia'abnu-

255 528 324 571 ere.
349 510 399 573 Eo
421 510 525 573 modo
550 527 651 594 saepe
668 508 710 571 ab
734 516 884 589 utroque
901 507 1012 597 missis
1031 507 1197 572 remissis·

255 627 333 691 que
357 609 490 673 nuntiis
513 618 650 691 tempus
672 605 896 693 prooedere,
925 617 976 682 et,
998 626 1038 667 ex
1057 603 1200 669 Metelli

234 705 455 791 voluntate,
488 699 626 774 bellum
650 704 818 766 intactum
846 706 948 767 trahi.

183 806 227 876 84
349 809 397 870 At
420 805 572 880 Mariae,
591 813 629 864 ut
653 799 944 887 supradiximus,
967 780 1199 885 cupientissu·
1278 863 1281 867 .

250 925 307 968 me
326 904 437 989 plebe
464 899 594 965 Consul
618 896 748 972 fact-us,
766 910 949 981 postquam
970 901 1002 963 ei
1025 902 1200 984 provinci-

253 1023 307 1067 am
333 998 534 1070 Numidiam
564 997 719 1083 populus
746 996 864 1075 jussit,
887 1012 986 1062 antea
1009 1001 1078 1074 jam
1104 999 1197 1083 iufe-

251 1088 323 1162 etus
358 1089 572 1184 habilitati,
589 1108 664 1160 tum
689 1117 769 1159 vero
795 1094 947 1165 inultus.
967 1109 1070 1179 atque
1098 1097 1201 1164 ferox

250 1195 399 1259 instare:
424 1194 581 1285 singulos
600 1184 724 1273 motio,
751 1192 859 1266 modo
878 1195 1056 1259 universos
1076 1195 1199 1260 laede·

240 1290 321 1357 'ree
350 1293 537 1408 dictitare,
566 1288 640 1358 eese
665 1287 884 1357 cousulatu'm
919 1313 960 1357 ex
992 1290 1090 1355 victis
1124 1294 1200 1359 illis

239 1388 385 1474 ‘spolia
392 1392 547 1478 cepisse,
571 1392 637 1457 alia
654 1398 835 1478 praeterea
852 1391 1045 1479 'magnifica
1060 1376 1124 1485 pio
1138 1413 1201 1472 se,

254 1501 288 1550 et
312 1490 384 1552 illis
410 1491 578 1553 dolentia.

240 1584 251 1643 ζ
330 1586 511 1664 Interim,
550 1605 641 1668 quae
671 1584 769 1648 bello
805 1603 892 1666 opus
929 1597 1047 1665 erant,
1083 1589 1200 1671 prima

177 1733 184 1755 ,
249 1682 405 1749 habere:
437 1684 615 1772 postulare
652 1654 853 1781 legionibus
882 1686 1199 1768 supplementum,
1266 1696 1268 1701 ⁴

217 1824 219 1829 ,
243 1783 416 1863 ‚auxiliaa
419 1780 583 1875 populis
605 1795 639 1847 et
653 1782 794 1868 regibus
819 1778 995 1865 sociisque
1014 1788 1201 1847 'arcesseret

249 1867 433 1965 praeterea
459 1903 501 1947 ex
525 1878 624 1944 Latio
659 1878 887 1945 fortissimum
901 1900 1106 1973 quemque,
1120 1882 1203 1993 ple·

251 1998 380 2062 rosque
403 1966 573 2055 militiae,
603 1997 734 2061 paucos
760 1976 852 2039 fama
874 1977 1030 2062 cognitos
1057 1979 1204 2060 aeeire,

253 2088 287 2137 et
307 2077 494 2140 ambiendo
520 2098 585 2160 cog
587 2098 645 2138 ere
663 2075 823 2138 homines
843 2069 997 2139 emeritis
1012 2073 1200 2162 stipendiis

251 2193 372 2236 secum
390 2171 581 2257 piolieisei.

347 2265 473 2354 Neque
501 2267 557 2332 illi
591 2265 734 2332 Senatus
754 2259 1004 2354 ,quamquam
1037 2269 1196 2336 advereu‘s

251 2379 342 2444 erat,
370 2359 416 2431 de
441 2367 516 2430 ullo
547 2365 690 2453 negotio
719 2363 875 2430 abnuere
905 2367 1077 2446 audebat3
1104 2381 1196 2434 eete-

249 2485 329 2527 rum
358 2466 645 2547 supplementum
680 2463 784 2540 etiam
818 2461 931 2528 laetus
965 2465 1195 2532 decrevente

250 2562 331 2644 quia
342 2605 351 2640 ,
363 2574 366 2589 ¹
377 2563 495 2644 ¹neque
513 2562 617 2649 plebe
643 2557 812 2623 militiam·
824 2561 984 2645 volente,
1008 2565 1197 2647 putabatur

248 2659 384 2726 Mariua
405 2673 471 2725 aut
490 2654 578 2725 belli
604 2680 725 2739 usum,
753 2670 811 2725 aut
840 2647 966 2726 studia
983 2659 1077 2750 volgi
1092 2663 1196 2730 amis
1285 2708 1288 2714 ι

249 2776 361 2845 eurus
417 2806 421 2815 =
1025 2801 1027 2806 ·

211 2935 215 2945 ἱ
348 2857 418 2922 Sed
444 2878 483 2924 ea
506 2871 561 2920 res
588 2853 716 2918 frustra
742 2807 890 2939 sperata.
924 2818 1037 2941 Teuta
1068 2858 1197 2925 lubido

161 3005 164 3015 ,
249 2981 331 3026 eum
344 2955 457 3027 Mario
478 2953 586 3018 eund!
596 2953 811 3045 plerosque
801 2965 981 3020 invaserat
1001 2936 1082 3038 Sese
1100 2959 1196 3041 quis·¹

106 3124 108 3131 ,
168 3087 171 3097 ·
249 3077 320 3140 que
346 3051 473 3143 praeda
491 3050 744 3165 locupletem,
777 3051 946 3115 victorem
971 3032 1114 3140 domum
1142 3079 1197 3122 re·

137 3146 141 3153 ’
250 3152 426 3225 diturum,
455 3128 521 3212 alia
555 3147 800 3230 hujuscemodi
834 3151 957 3228 animia
976 3134 1195 3240 trahebant,

166 3286 168 3292 ι
245 3232 284 3312 ἐι
310 3269 367 3311 eos
393 3254 465 3309 'non
487 3247 656 3331 paullum
686 3247 842 3310 oratione
866 3268 927 3313 sua
949 3249 1081 3316 Marius
1103 3274 1194 3317 arre-

247 3359 353 3410 xerat.
380 3341 467 3410 Nam
492 3361 695 3431 postquam,
718 3336 906 3424 omnibus,
932 3368 1022 3428 quae
1040 3351 1194 3430 postula·

245 3455 363 3519 ¹verat,
383 3444 554 3524 decretis,
575 3444 704 3535 milites
723 3443 877 3508 seribere
903 3442 997 3522 volt,
1021 3442 1196 3512 'hortandi

251 3561 353 3631 eausa
387 3543 511 3624 simul,
544 3557 578 3608 et
605 3542 850 3623 nobilitatem,
872 3542 925 3629 uti
941 3560 1195 3637 οιιιιιιιιιιιιςιιι
