2580 4492
242 1074 943 1188 ‘Epistolalia

454 1309 482 1316 .-
493 1292 718 1330 ...m—7*

121 1615 138 1669 t
192 1519 295 1666 Scio
319 1621 405 1688 ego,
433 1621 540 1684 quam
566 1598 738 1678 difficile,
766 1609 871 1684 arque
894 1549 1061 1683 asperum
1078 1594 1153 1664 fae«

191 1722 230 1772 tu
253 1703 318 1776 sit,
346 1699 534 1764 eonsilium
572 1697 654 1768 dare
686 1698 780 1788 regi,
816 1711 875 1761 aut
907 1697 1149 1783 imperatoria

187 1814 372 1893 'postremo
399 1798 565 1882 cuiquam
594 1797 755 1879 mortali,
783 1799 883 1875 eujus
909 1817 995 1882 opes
1020 1794 1060 1860 ίιι
1095 1816 1151 1861 ex·

194 1903 289 1968 celso
322 1910 422 1967 sunt:
453 1896 587 1981 quippe
614 1917 725 1980 quum
746 1911 780 1961 et
798 1894 872 1958 iilis
900 1893 1149 1958 consultorum

8 1988 11 1994 ⁸
100 2044 104 2048 -
191 1999 316 2085 copiae
340 1993 475 2073 adsint3
501 2015 620 2077 neque
640 1996 684 2058 de
711 1995 834 2059 futuro
854 1993 1046 2078 quisquam
1071 1993 1149 2057 satit

193 2095 363 2172 callidus,
388 2092 540 2181 satisque
557 2093 713 2177 prudens
728 2095 785 2166 sit
836 2091 932 2169 Quin
951 2093 1061 2157 etiam
1076 2110 1149 2156 sae·

189 2218 236 2286 pe
261 2212 364 2280 prava
387 2191 517 2278 magis,
544 2211 649 2272 quam
676 2192 767 2256 hona
799 2189 945 2255 consilia
977 2208 1167 2276 prospere

193 2291 383 2359 eveniunt·
410 2289 493 2374 quia
519 2276 709 2376 plerasque
733 2310 788 2357 res
812 2289 956 2354 fortuna
990 2311 1034 2355 ex
1055 2288 1148 2352 lubi·

88 2464 96 2481 ι
188 2393 294 2456 dine
303 2411 363 2453 sua
397 2387 515 2473 agitat.

291 2486 362 2550 Sed
387 2484 475 2548 mibi
493 2482 649 2549 studium
672 2481 742 2547 fuit
761 2485 1034 2551 adolescentulo
1057 2490 1162 2548 reme‘

179 2574 373 2675 -publicam
408 2592 609 2667 capesseret
642 2595 747 2670 atque
778 2583 816 2649 in
846 2606 886 2647 ea
917 2583 1148 2674 agnoscenda

192 2687 361 2762 multam,
394 2702 628 2770 magnamque
659 2702 778 2747 curam
811 2683 936 2749 habui:
973 2687 1047 2748 non
1075 2683 1151 2762 ita,

191 2784 246 2848 uti
266 2784 504 2870 magistratum
533 2781 641 2845 modo
670 2801 855 2864 caperem,
896 2803 1004 2868 quem
1042 2764 1161 2844 multi'

190 2873 294 2948 malis
320 2880 452 2945 artibus
480 2879 600 2965 adepti
617 2891 715 2942 erant
725 2903 736 2956 ι
762 2880 965 2966 sedetiam,
991 2879 1045 2943 uti
1057 2899 1149 2943 rem·

192 2979 374 3067 publicam
412 2969 509 3039 domi
535 2977 785 3060 militiaeque,
814 2993 1073 3063 quantumque.
1098 2997 1149 3040 ar·

193 3078 276 3156 mis,
311 3075 419 3151 viris,
455 3075 638 3158 opulentia
664 3090 805 3164 posset
836 3078 1013 3164 cognitam
1039 3075 1149 3141 habe

191 3195 280 3239 rem.
332 3175 456 3258 itaque
483 3175 570 3237 mihi
593 3172 703 3241 multa
736 3193 816 3236 cum
848 3175 973 3238 animo
999 3172 1148 3268 agitanti

192 3271 382 3339 eonsilium
425 3269 516 3349 fuit,
553 3272 682 3336 samam
709 3272 989 3356 modestiamque
1030 3277 1148 3359 meam

190 3384 269 3454 post
284 3368 773 3456 tuamdrgnrtatemhabere
798 3384 832 3434 et
851 3391 952 3450 cujus
972 3390 1023 3433 rer
1045 3371 1150 3434 lubet
1190 3388 1192 3393 ·

171 3466 392 3553 <perieulum
412 3467 555 3545 facere,
582 3468 666 3530 dum
687 3464 775 3550 quid
792 3469 865 3532 tibi
884 3490 925 3531 ex
944 3489 986 3531 eo
1009 3466 1147 3554 gloriae

192 3565 373 3629 acciderit.
414 3564 532 3649 quue
561 3584 634 3627 non
657 3577 816 3647 temere,
850 3579 908 3630 aut
933 3587 977 3630 ex
1002 3567 1148 3631 fortuna
1177 3581 1179 3586 '

194 3677 252 3726 tua
285 3661 455 3739 deerevi5
491 3662 553 3726 sed
580 3661 662 3745 quia
682 3660 792 3741 inte,
819 3677 973 3749 praeter.
992 3679 1150 3740 ceteras,

195 3773 305 3825 artem
330 3780 436 3822 unam
458 3757 600 3846 egregie
620 3759 820 3825 mirabilem
847 3762 1027 3847 comperi,
1054 3783 1146 3827 sem·
1198 3784 1202 3791 ·

188 3881 255 3943 per
271 3848 337 3921 tibi
352 3860 521 3936 majorem
547 3858 585 3918 in
612 3858 788 3937 adversis,
815 3882 920 3945 quam
933 3904 938 3913 ,
952 3860 990 3922 in
1023 3880 1149 3924 seeun-

191 3957 265 4036 dis‚
290 3955 396 4022 rebus
409 3959 565 4019 animum
590 3975 674 4030 esse.
729 3957 796 4023 Sed
816 3979 880 4045 per
899 3971 1036 4024 eeteros
1055 3979 1148 4022 mor·

208 4056 266 4119 *rtis
299 4053 364 4118 illa
398 4071 452 4119 ret
477 4051 605 4118 clarior
621 4066 703 4137 lest,
732 4059 827 4142 quod
850 4070 884 4120 et
905 4056 1003 4139 prius
1030 4054 1147 4121 defes-
