2580 4492
345 220 353 227 '
475 206 688 304 ¹”stat
766 192 926 269 κ’

152 407 268 480 bt
324 403 447 491 Igitur
463 402 527 467 ubi
549 401 681 488 Μιιίιιι
706 399 902 487 haruspicis
929 399 1024 465 dieta
1048 371 1174 466 ecdem

210 494 408 573 intendere
425 491 543 594 vitiet,
571 521 643 586 quo
669 500 800 587 cupido
819 499 929 564 animi
953 497 1173 598 hortabatur,

221 599 264 678 ab
293 584 462 681 Metello,
497 596 648 687 petundi
664 598 795 690 gratia,
826 597 1033 666 missionem
1057 607 1175 700 rogat:

222 692 282 763 cut
308 719 520 788 quamquam
537 696 666 790 virtus,
691 698 803 786 gloria
829 710 934 784 atque
960 696 1027 760 alia
1054 709 1174 778 optan-

224 795 396 864 debonis
424 799 654 883 superabant,
680 800 797 862 tamen
829 794 949 867 inerat
976 803 1173 863 contemtor

223 893 360 961 animus
387 909 420 961 ct
452 897 642 982 superbia,
668 915 857 964 commune
881 891 1076 971 nobilitatis
1100 914 1173 957 ma·

191 1022 196 1035 ·
221 993 312 1063 lum.
337 995 457 1080 itaque
474 995 630 1080 primum
654 1005 849 1060 commotus
866 993 1008 1058 insolita
1028 1010 1067 1054 re
1082 1039 1094 1078 ,
1109 989 1176 1056 mi·
1241 1059 1246 1076 ι

224 1093 295 1157 rari
316 1096 392 1173 ejus
408 1091 614 1181 consilium,
634 1106 669 1159 et
687 1092 786 1178 quasi
801 1099 866 1178 per
888 1089 1076 1158 amicitiam
1102 1110 1179 1152 mo.

162 1184 165 1188 ’
226 1211 312 1254 nere
335 1237 346 1270 ‚
378 1214 425 1256 ne
444 1207 521 1259 tam
539 1215 643 1280 prata
657 1189 854 1275 inciperet,
881 1213 952 1256 neu
973 1208 1079 1271 super
1105 1186 1179 1251 for·

103 1300 112 1324 ⁸
152 1314 155 1318 ’
225 1304 347 1361 tunam
368 1291 524 1359 animum
547 1302 701 1379 gereret:
717 1311 790 1362 non
808 1289 925 1356 omnia
939 1285 1101 1363 omnibus
1116 1307 1176 1348 cu·

226 1386 362 1472 piunda
390 1408 481 1455 esse:
506 1390 637 1456 debere
657 1385 715 1454 illi
732 1408 789 1456 res
808 1410 886 1456 suas
912 1388 993 1454 satis
1018 1385 1177 1470 placere.

225 1497 402 1581 postremo
429 1503 564 1581 caveret
587 1465 626 1551 iit
650 1499 770 1571 petere
802 1500 822 1552 a
845 1488 982 1576 populo
1000 1481 1178 1561 Romano,

228 1583 431 1666 quotlilli
418 1607 498 1666 Jure
527 1576 725 1674 negaretur.
803 1641 807 1645 .
879 1626 881 1631 -
1088 1638 1090 1641 .

309 1679 511 1768 Postquam
536 1687 622 1751 haec
656 1697 761 1771 atque
790 1669 872 1746 talia
903 1680 1018 1761 dixit,
1052 1703 1173 1766 neque

212 1772 366 1846 ‘animus
388 1782 494 1847 Marii
517 1783 687 1864 flectitur,
713 1779 937 1878 respondit,
932 1776 1003 1843 ubi
1020 1778 1177 1866 primum

217 1877 397 1972 putuisset
426 1904 491 1967 per
515 1881 656 1988 negotia
679 1868 846 1970 publica,
878 1863 1065 1987 facturuln.
1081 1894 1178 1960 sese,

161 2044 164 2048 .
230 1997 320 2062 quae
345 1993 491 2060 peteret.
1195 2060 1196 2065 ἵ

325 2077 377 2137 Ac
403 2091 524 2160 postea
558 2077 694 2158 saepius
717 2076 840 2140 eadem
864 2073 1078 2160 postulanti,
1105 2075 1176 2140 fer·

113 2202 116 2209 ·
163 2161 192 2233 f
227 2182 284 2235 tur
314 2172 459 2252 dixisse,
484 2194 542 2238 ne
554 2173 734 2237 festinaret
775 2172 890 2237 abire·
928 2175 1009 2240 satis
1039 2186 1173 2239 mature

139 2284 142 2301 ⁸
227 2271 332 2333 iilum
358 2265 539 2359 curnssfilic
565 2291 628 2338 suo
656 2271 874 2355 consulatum
902 2263 1107 2353 p'etituruni.
1142 2273 1175 2351 is

213 2389 272 2433 .eo
288 2377 449 2453 tempure
469 2369 701 2444 contubernio
718 2368 824 2454 patris
842 2365 976 2459 ibitiem
992 2370 1174 2450 militabat,
1248 2428 1250 2435 Α

181 2523 183 2528 ,
228 2487 337 2532 antros
356 2481 456 2530 natus
473 2468 614 2532 circiter
629 2488 683 2538 xx,
706 2466 870 2545 Quaeres
888 2466 1041 2532 Marium
1060 2491 1171 2553 quum

116 2567 120 2575 '
177 2559 182 2567 ’
211 2584 292 2658 ‘pro
316 2566 472 2656 bonore,
500 2587 606 2650 quem
623 2564 846 2644 adfectabat,
870 2575 946 2628 tum
962 2579 1083 2632 contra
1099 2567 1176 2631 Me·
1193 2651 1196 2656 ἦ

144 2666 153 2735 s
226 2660 354 2728 tellum
377 2656 603 2731 vehementer
623 2663 842 2734 accenderat.
948 2747 953 2750 ᾖ

265 2756 268 2762 ’
312 2764 374 2828 ‘lta
403 2763 572 2849 cupidine
591 2776 695 2846 atque
715 2763 785 2843 ira,
811 2763 981 2846 pessumis
998 2752 1177 2824 consulto?

228 2857 346 2935 ribus,
365 2858 512 2950 grassari
535 2883 556 2921 a
569 2882 686 2945 neque
704 2859 797 2924 facto
822 2861 916 2937 ullo,
941 2876 1059 2940 neque
1076 2856 1172 2920 dicto

147 2987 169 3025 .·
229 2959 423 3036 abstinere,
456 2958 552 3044 quod
571 2957 678 3022 modo
694 2957 915 3023 ambitiosum
938 2959 1030 3020 foret
1041 2976 1051 3032 ;
1079 2955 1174 3019 mili·

33 3137 36 3146 Ι
131 3121 134 3127 ,
228 3071 299 3133 tes,
326 3057 453 3141 quibus
472 3054 512 3117 in
530 3047 688 3120 bibernis
707 3068 883 3140 praeerat,
912 3057 1044 3120 laxiore
1061 3053 1174 3138 impe·

228 3155 301 3232 rio,
328 3175 433 3239 quam
460 3165 582 3234 antea,
615 3153 771 3220 babere:
796 3154 889 3238 apud
916 3153 1176 3242 negotiatores,

136 3270 139 3281 '
230 3273 390 3338 quorum
404 3271 530 3337 magna
549 3251 743 3317 multitudo
761 3252 885 3317 Uticae
903 3265 993 3330 erat,
1011 3249 1178 3314 crimino·
1255 3308 1259 3313 .

232 3353 269 3419 s'e
294 3351 419 3429 simui,
446 3361 480 3412 et
494 3325 680 3445 magnifice
706 3347 866 3426 debello
885 3349 1007 3434 loqui:
1035 3346 1181 3413 dimidia
1208 3424 1209 3427 Ἴ

166 3455 169 3472 ·
231 3469 309 3534 pars
332 3451 503 3516 exercitus
527 3449 595 3514 sibi
614 3449 889 3564 permitteretur,
904 3445 1026 3535 paucis
1054 3440 1180 3512 diebus

231 3547 468 3634 iugurtham
460 3567 497 3646 tn
518 3548 647 3619 catenis
666 3546 890 3615 habiturumz
911 3546 978 3615 ab
969 3558 1194 3640 rmperatpre
1240 3604 1246 3608 .
