2580 4492
778 53 794 73 Ι

483 108 805 175 -822-

190 308 365 373 pervacua
397 308 506 355 onera
526 309 620 370 esse,
645 288 709 353 ubi
735 284 819 377 salvi
837 308 1079 390 pervenere,

191 402 296 470 sunt,
327 389 461 474 siquid
487 389 625 456 advorsi
642 401 801 454 coortum
821 401 892 467 est,
920 389 974 452 de
999 370 1079 455 illis
1163 397 1194 467 b

194 485 381 553 lissumum
401 492 534 568 jactura
555 489 593 554 fit
601 535 613 567 ,
638 489 722 579 quia
747 488 856 574 pretii
880 487 1052 559 miuumi

123 580 169 649 16
291 583 468 665 Quoniam
495 610 611 665 nunc,
636 586 688 652 uli
713 589 803 651 mihi
827 586 982 667 videor,
1013 588 1166 675 dep
1173 627 1194 668 5

192 685 239 750 be
264 686 465 750 renovanda
493 686 777 776 corrigendaque
816 672 1003 752 disserui·
1041 682 1094 753 de'
1155 720 1159 727 ·

98 804 102 814 ¹
193 798 298 863 natu,
326 806 417 868 quas
445 784 511 848 ribi
538 786 673 874 agenda
705 786 896 864 videntur,
926 785 1072 854 diuam.
1172 858 1175 867 ,

292 878 480 968 Postquam
505 883 594 947 mibi
624 897 717 948 aetas
737 883 1011 973 ingeniumque
1047 887 1092 953 ad

112 972 114 978 ¹
195 980 265 1060 vit,
288 982 384 1046 haud
409 981 524 1046 ferme
541 983 645 1047 armis
663 995 769 1066 atque
787 982 889 1066 equis
907 1003 1052 1067 oorpus
1068 1006 1109 1052 ex
1172 994 1176 1005 '

141 1072 145 1085 '
196 1079 282 1158 eui,
306 1080 371 1145 sed
391 1080 549 1146 animum
567 1081 606 1143 in
632 1081 746 1156 literis
769 1080 917 1170 agitari,
938 1085 1110 1164 quodn'a
1179 1120 1182 1125 ·

197 1197 236 1241 ra
260 1178 395 1243 firmius
422 1194 518 1259 erat,
543 1179 583 1243 id
607 1180 646 1243 in
668 1178 852 1245 laboribus
882 1177 1011 1247 habui.

290 1280 417 1371 ⁸Atque
446 1299 512 1367 ego
537 1277 575 1342 in
606 1299 647 1343 ea
672 1278 766 1350 vita,
791 1277 901 1342 multa
924 1281 1094 1366 legendo

197 1394 271 1457 que
308 1374 517 1456 audiendo,
552 1376 602 1441 ita
630 1377 820 1464 comperi,
854 1378 974 1444 omnia
1025 1382 1146 1470 regna

197 1473 286 1537 item
317 1472 502 1550 civitates,
534 1473 693 1541 nationes
731 1495 844 1558 usque
871 1496 914 1538 eo
944 1483 1149 1566 prosperan

196 1569 393 1657 imperium
408 1570 583 1658 habuisse,
609 1571 694 1636 dum
712 1573 805 1659 apud
827 1592 887 1636 eos
907 1595 989 1641 vera
1012 1579 1150 1646 consilis

196 1671 416 1735 -salueruntz
442 1667 662 1756 ubicumque
680 1671 820 1787 gralia,
841 1671 967 1761 rimor,
998 1669 1152 1764 volupia
1184 1700 1189 1709 ·

202 1789 242 1832 ea
268 1782 481 1859 corrupere5
500 1768 578 1855 pos't
596 1769 745 1882 paullo
734 1770 942 1839 imminutae
965 1794 1080 1860 opes,
1105 1776 1152 1840 de

200 1865 286 1932 inde
313 1867 538 1941 ’ξίἀειιιιιιιιι
527 1868 750 1953 imperium,
784 1878 963 1955 postremo
1010 1875 1152 1940 servitus

130 2013 133 2025 .
203 1957 366 2052 imposita
399 1980 460 2031 est.
514 2030 516 2035 ,
1156 2024 1159 2029 .

95 2116 97 2125 .
134 2077 179 2143 17x
301 2062 502 2176 Equidem
493 2084 571 2153 ego
591 2085 642 2129 ιιι
659 2063 753 2149 apud
773 2084 930 2129 animum
953 2063 1155 2138 maurusia·
1191 2073 1194 2081 '

199 2172 280 2226 tuo·
305 2161 522 2248 cuicumque
546 2161 585 2226 in
603 2182 664 2226 sua
681 2163 819 2227 civitate
834 2164 989 2248 amplior
1014 2169 1156 2239 illustri·

202 2281 314 2346 orque
321 2259 464 2338 loeus-5
485 2281 591 2344 quam
618 2260 695 2326 aliis
711 2275 781 2339 est,
801 2261 835 2325 el
854 2283 1022 2348 magnam
1045 2291 1158 2336 curam

186 2377 279 2424 esse
295 2357 531 2442 reipublrbae
555 2356 643 2421 Nam
663 2358 811 2434 ueteris
822 2357 927 2421 salva
945 2362 1065 2446 urbe
1089 2381 1158 2434 tan·

202 2456 388 2521 rummodo
406 2454 549 2520 libertas
572 2466 646 2519 tuta
672 2468 744 2520 esta
770 2452 832 2538 qui
852 2473 918 2539 por
932 2457 1102 2537 virtutem
1118 2464 1160 2530 si.

198 2555 242 2621 'bi
269 2553 423 2630 divitias,
441 2554 581 2635 decus,
605 2553 802 2632 bonorem,
827 2573 1069 2640 pepererunt,
1083 2561 1158 2624 'ubi

201 2653 364 2741 paullum
381 2640 552 2717 inclinata
565 2652 767 2736 respublica
786 2651 910 2739 agitari
926 2655 1048 2738 eoepit,
1063 2657 1155 2718 mul·

106 2754 108 2761 '
147 2789 154 2813 ·
202 2752 376 2838 siplioirer
402 2752 538 2814 animus
563 2751 681 2824 ouria,
704 2762 809 2834 atque
831 2749 1009 2816 laboribus
1028 2751 1155 2839 fariga-

203 2861 283 2929 tnr,
305 2863 365 2922 aui
382 2847 551 2935 gloriam,
570 2859 629 2911 aut
646 2849 870 2926 libertatem,
885 2864 944 2914 aut
957 2868 1032 2923 rem
1052 2850 1159 2916 fami·

203 2948 329 3012 liorem
357 2946 537 3010 defensas:
563 2945 843 3013 omnibusloois
861 2948 979 3024 adest,
995 2948 1161 3016 festinata

205 3060 337 3130 quanto
363 3045 401 3107 iu
426 3043 592 3108 'secundis
616 3046 723 3110 rebus
752 3043 934 3108 florentior
951 3045 1039 3135 luis,
1061 3061 1163 3113 tanto

204 3145 244 3208 in
268 3142 419 3208 advorsis
445 3143 601 3224 asperius
629 3144 811 3232 magisque
837 3144 939 3209 anile
964 3145 1089 3232 agitat.

304 3241 413 3330 lgieur
448 3240 511 3305 ubi
541 3240 664 3326 plebes
693 3237 855 3317 senatui,
892 3242 998 3306 sicuti
1026 3265 1163 3329 eorpus

207 3340 350 3419 animo,
377 3337 525 3415 obedit,
559 3339 707 3426 eiusque
732 3336 893 3408 consulta
923 3343 1165 3441 exsequitur:

205 3452 342 3522 patres
355 3434 503 3499 oonsilio
528 3437 644 3506 valera
679 3440 805 3525 docet,
831 3437 970 3545 populo
986 3458 1162 3528 superra-

50 3581 57 3599 ι
95 3588 97 3593 ,
205 3536 377 3605 causaest
398 3533 615 3649 calliditas
