2580 4492
442 182 637 289 -ms
712 227 888 310 - -

179 423 253 467 ιιοι
285 402 482 499 corporisne
528 405 751 489 Quemquam
785 422 908 470 omnes
935 405 1008 471 slii'
1023 397 1144 480 oresti

178 521 244 585 pro
278 503 358 580 jure
391 515 504 569 restro
531 505 605 572 vim
630 515 794 569 cunctam
820 513 855 568 et
888 504 1040 590 imperia
1070 529 1137 575 ιιιι

130 600 310 689 grstia,
329 614 389 668 out
406 624 481 690 spe,
496 615 555 667 sut
578 599 774 689 praemiis
765 624 802 666 ιιι
826 623 886 668 ros
902 620 1137 686 convorterer

157 699 380 787 -sneliusque
395 702 538 780 babent,
560 696 727 766 mercede
758 701 989 787 delinquere,
1021 718 1136 792 quom

180 799 287 888 gratis
322 813 418 864 recte
451 801 585 871 facere

106 911 153 982 ,1
276 901 402 983 Itaque
436 919 558 964 omnes
589 914 796 966 concessere
821 898 893 977 ism
924 900 963 963 in
1003 920 1138 987 peuco-

176 1018 258 1061 rum
285 996 584 1076 dominationem,
621 996 684 1080 qui
707 1013 773 1081 per
797 995 954 1062 militare
986 1005 1143 1091 nornen,¹

177 1095 374 1171 aerarium,
389 1097 585 1173 exercitus,
611 1114 720 1183 regne
736 1138 746 1172 ,
763 1095 961 1181 provincias
981 1119 1138 1186 occupa·

152 1213 277 1270 ·vere,
304 1210 339 1260 et
364 1212 482 1261 arcem
506 1194 638 1259 habent
651 1216 699 1258 ex
717 1191 840 1280 spoliis
857 1195 979 1263 vestris
989 1214 1001 1274 3
1014 1218 1137 1283 ‚quum

176 1290 343 1373 interim,
363 1316 462 1359 more
478 1308 671 1378 pecorum,
687 1312 747 1358 ros
768 1291 959 1357 multitudo
984 1292 1140 1386 'singulis

174 1388 378 1471 habendos,
404 1393 650 1477 fruendosque
675 1390 868 1476 praebetis,
894 1387 1007 1458 exsuti
1023 1398 1140 1462 omni·

175 1486 255 1568 bus,
271 1494 372 1605 quae
402 1495 552 1572 majores
576 1491 778 1576 reliquere·
809 1487 878 1554 nisi
912 1492 1002 1574 quis
1006 1492 1140 1564 vobis·

176 1589 336 1670 metipsi
352 1612 418 1675 per
441 1589 625 1681 suffragia,
642 1588 694 1652 uri
714 1587 892 1672 praesides
910 1590 1018 1670 olim,
1040 1615 1138 1661 nnnc
1189 1640 1194 1662 .

91 1757 95 1766 ¹
177 1687 341 1753 dominos
366 1689 559 1754 destinatis.

279 1787 400 1872 itaque
428 1803 675 1882 concessere
651 1782 730 1848 illic
752 1805 895 1850 omnes:
922 1799 956 1849 et
982 1808 1091 1882 mox,
1108 1792 1139 1858 ri

174 1897 286 1949 vestra
313 1888 540 1971 receperitis,
560 1884 605 1950 ad
629 1901 689 1948 vos
714 1882 898 1969 plerique:
916 1884 1022 1968 (raris
1040 1888 1136 1955 enim

175 1984 312 2050 enimus
332 2001 384 2050 est
410 1985 451 2050 ad
480 2006 541 2063 ea,
567 2001 660 2067 quae
684 1982 849 2065 placent,
878 1983 1149 2074 defendenda)
1173 1970 1185 1988 '⁸

136 2125 139 2132 ·
175 2095 291 2157 cetera
316 2083 527 2146 validiorum
556 2095 650 2146 sunt.
748 2127 753 2137 .

273 2186 330 2244 Au
345 2180 494 2244 dubium
511 2179 666 2257 habetis,
685 2199 731 2242 ne
754 2175 908 2244 obiicere
927 2144 1019 2265 quid
1032 2184 1130 2258 robis

73 2263 78 2273 ’
173 2299 248 2343 uno
268 2279 386 2345 animo
414 2279 646 2368 pergentibus
671 2278 802 2364 possit,
830 2299 918 2362 quos
942 2280 1132 2370 languidos
1174 2358 1179 2368 ι

173 2380 412 2462 'socordesque
431 2378 677 2462 pertimuere?
704 2376 772 2438 nisi
798 2375 890 2439 forte
916 2378 954 2442 C·
973 2374 1134 2464 Cottaex

172 2472 328 2539 factione
345 2474 461 2538 medio
483 2476 632 2554 consul,
659 2471 781 2551 aliter,
801 2495 908 2557 quem
927 2493 1026 2545 metu
1053 2481 1130 2561 inre

128 2637 133 2642 ,
172 2572 346 2657 quaedam
373 2571 525 2639 tribunis
544 2571 657 2659 piebis
683 2571 848 2637 restituit.

272 2671 313 2735 Et
331 2693 545 2757 quamquam
565 2670 603 2737 L
623 2656 780 2735 licinius
799 2669 934 2756 primus
962 2675 1008 2739 dc
1031 2689 1129 2760 pote·

53 2787 58 2792 ·
171 2774 259 2834 state
284 2771 446 2854 tribunus
476 2770 578 2854 loqui
604 2789 727 2847 ausus,
754 2766 1001 2860 mussantibus
1008 2773 1130 2856 robis,

155 2854 431 2935 'circumventus
469 2882 570 2933 erat.
603 2881 722 2931 tamen
747 2865 845 2954 prius
873 2868 930 2933 ilii
949 2853 1131 2943 invidiam

170 2981 354 3057 metuere,
376 2985 489 3053 quam
512 2988 571 3059 vos
594 2966 746 3047 injuriae
760 2980 961 3054 pertaesum
988 2985 1053 3037 est

124 3079 143 3144 3
269 3067 373 3145 Quod
401 3088 469 3168 ego
494 3085 661 3150 nequeo
663 3064 745 3131 rotis
775 3065 924 3146 mirari,
958 3069 1128 3151 Quirites

140 3159 258 3228 ,Νιιιιι
284 3186 384 3253 spem
400 3142 528 3234 trustra
546 3163 657 3233 tuisse
679 3163 914 3235 intellexistis.
1056 3174 1060 3178 ’
1124 3254 1130 3261 '
