2580 4492
435 221 539 271 ι,-
616 206 685 258 120
756 220 862 246 nu·

217 377 262 438 do
288 373 354 437 sibi
379 369 573 478 liberisque
600 387 635 438 et
652 348 752 463 genti
773 371 1037 463 Numidarum,
1067 387 1172 460 optu-

148 494 171 525 ··
215 495 272 537 me
299 469 478 547 merenti,
509 471 707 553 provideat·
727 458 889 545 omnibus
914 472 1061 558 praeliis
1093 493 1171 541 sese

216 566 352 647 victor,
379 589 500 655 agrum
525 582 714 664 vastatum,
740 573 871 638 multos
902 573 1061 637 mortalis
1087 592 1170 658 cap·

215 681 268 734 tos
292 678 351 732 aut
375 668 525 746 occisos,
555 670 660 769 regni
685 691 769 754 opes
806 672 1038 736 comminutas
1070 691 1171 735 esse:

208 768 299 838 'satis
325 785 428 849 saepe
456 768 526 846 jam
562 780 595 831 et
620 769 784 833 uirtutem
817 769 998 847 militum,
1041 776 1075 831 et
1101 769 1173 832 for·

15 873 19 879 “
89 891 96 897 ·
194 879 340 933 Λιιιιι·ιιιι
365 876 551 931 tentatam.
572 880 731 948 caveret,
757 888 803 931 ne
820 908 831 947 ,
865 864 929 933 illo
956 855 1168 946 cunctante,

221 960 396 1048 Numidae
412 961 482 1029 sibi
501 963 698 1030 cousulant.

317 1060 376 1127 His
398 1073 503 1144 atque
528 1058 657 1128 talibus
680 1063 757 1129 aliis
774 1060 818 1128 ad
839 1030 1060 1129 deditionem
1077 1063 1181 1152 regit'

180 1240 184 1249 ι
223 1151 379 1226 animum
411 1160 577 1246 impellit.
627 1161 821 1234 Mittuntur
845 1163 889 1229 ad
922 1163 1174 1247 imperatorem

220 1258 350 1348 legati:
387 1261 625 1347 Jugurtham'
613 1275 783 1346 imperata
807 1260 1008 1341 facturum,
1036 1282 1076 1324 ac
1093 1259 1177 1324 sine

136 1428 141 1437 .
222 1360 296 1421 ulla
325 1358 489 1444 pactione
505 1379 580 1423 sese
598 1378 821 1448 regnumque
840 1359 1003 1427 suumin
1021 1357 1118 1423 iliius
1136 1359 1178 1420 fi·
1208 1381 1213 1388 ·

226 1457 307 1520 dem
325 1457 475 1521 tradere.
500 1457 667 1522 Metellus
688 1463 840 1545 propere
865 1470 1011 1524 cunctos
1033 1453 1178 1521 Senato-

225 1554 271 1616 rii
296 1554 429 1620 ordinis
460 1577 502 1619 ex
530 1557 688 1621 hibernis
715 1555 876 1622 arcessiri
901 1554 1028 1634 jubete
1053 1575 1178 1618 eorum

227 1667 333 1737 atque
360 1653 531 1750 aliorum,
557 1675 645 1739 quos
669 1653 817 1720 idoneos
838 1651 1014 1743 ducebat,
1030 1650 1177 1714 consili·

57 1797 63 1805 ·
166 1791 173 1796 -
226 1773 289 1814 um
320 1750 436 1815 habet.
861 1811 864 1815 .

134 1841 139 1856 ’
243 1872 247 1881 ·
319 1851 373 1916 ita
410 1833 508 1916 more
534 1855 738 1932 majorum,
769 1869 811 1914 es
840 1845 980 1914 consilii
1013 1842 1177 1938 decreto,

118 2024 123 2038 Α
229 1968 293 2031 per
327 1949 461 2037 legatos
493 1953 686 2038 Jugurthae
716 1951 872 2060 imperat·
893 1943 1029 2034 argenti
1057 1930 1180 2028 pondo

231 2047 382 2114 ducenta
401 2049 534 2125 millia,
558 2049 762 2128 elephantos
779 2047 917 2117 omnis,
940 2063 1115 2128 equorum
1150 2048 1184 2105 e't

235 2165 411 2206 armorum
435 2145 670 2228 aliquantum

192 2322 195 2330 k
331 2241 428 2319 Quae
454 2254 639 2328 postquam
667 2241 744 2307 sine
768 2261 865 2305 mora
885 2238 976 2303 facta
996 2246 1099 2314 sunt,
1127 2236 1181 2315 ju·

233 2277 293 2400 bet
331 2340 444 2405 omnis
478 2343 643 2428 perfugas
679 2339 813 2404 vinctos
847 2337 988 2401 adduci.
1047 2329 1182 2407 Eorum

235 2460 358 2525 magna
384 2459 483 2521 pars,
509 2451 546 2502 ut
572 2443 705 2518 jussum
738 2449 833 2512 erat,
859 2432 1021 2500 adducti:
1055 2432 1184 2517 pauci,

236 2559 347 2619 quma
378 2536 532 2618 primum
557 2535 693 2600 deditio
714 2535 852 2621 coepit,
884 2533 929 2598 ad
955 2552 1073 2620 regem
1099 2531 1186 2621 Boc·

240 2637 345 2709 chum
369 2633 408 2696 in
432 2636 688 2700 Mauretaniam
718 2621 885 2697 abierant.
925 2631 1034 2718 igitur
1058 2630 1187 2717 Jugur·

212 2734 319 2824 tha,
345 2728 407 2794 ubi
442 2738 545 2798 armis
570 2734 723 2816 virisque
753 2746 788 2795 ct
812 2730 964 2815 pecunia
995 2726 1187 2812 spoliatus,

241 2852 350 2914 quum
361 2831 437 2915 ipse
458 2833 502 2895 ad
519 2829 762 2916 imperandum
789 2829 967 2894 Tisidium
984 2839 1190 2917 vocaretur3

239 2951 359 2995 rursus
380 2929 495 3014 coepit
518 2931 658 2992 flectere
683 2928 984 3004 numunianum,
1010 2938 1044 2987 et
1060 2943 1101 2988 ex
1117 2943 1188 2986 ma·

240 3029 275 3091 la
302 3028 517 3113 conscicntia
543 3029 648 3112 digna
673 3024 810 3089 timere.

257 3122 259 3126 ⁴
339 3104 501 3208 Denique
527 3124 659 3188 multis
690 3119 841 3186 diebus
842 3142 903 3207 per
934 3119 1209 3184 dubitationem

245 3224 453 3300 consumtis,
480 3227 591 3306 quum
610 3195 716 3287 modo
742 3218 858 3284 taedio
882 3240 1017 3284 rerum
1033 3215 1197 3295 advorta-¹

87 3375 94 3387 .
204 3373 207 3378 ι
246 3341 330 3385 rum
346 3321 463 3385 omnia
485 3321 582 3384 bello
598 3322 734 3407 pottora
752 3319 917 3396 duceret,
942 3310 1122 3380 interdum
1140 3331 1212 3379 κε’

176 3406 183 3414 ⁴
247 3435 329 3480 curn
353 3417 427 3501 ipse
453 3433 651 3504 reputaret,
678 3439 784 3503 quam
802 3415 913 3504 gravia
936 3432 1040 3481 casus
1061 3413 1100 3478 in
1121 3431 1194 3476 aer·

247 3516 368 3580 vitium
386 3540 427 3583 cr
451 3539 562 3606 regno
585 3518 697 3598 forct5
726 3515 844 3582 multis
865 3514 1070 3606 magnisque
1092 3529 1222 3599 prae·-
1255 3581 1258 3585 Α
