2580 4492
439 106 951 241 0-346-'

155 334 235 392 vos,
256 332 344 403 quos
368 310 478 376 habui
493 309 654 377 omnium
676 313 857 380 actionum
881 334 1041 380 mearum
1061 313 1221 377 monito·

153 434 240 492 res,
265 412 347 500 sed,
376 409 439 476 ubi
469 430 591 474 rerum
616 413 818 477 testimonia
843 413 987 490 adsunt,
1015 412 1106 497 quid
1124 432 1217 497 opus

155 527 208 580 est
233 494 518 599 verbis‘iNunc,
544 509 588 574 ad
613 521 668 587 te,
696 524 735 576 ut
764 526 936 592 revertar,
963 513 1128 589 Sallusti,
1158 535 1219 598 pa·

155 625 341 700 triamque,
366 624 467 673 tuum
483 618 724 694 praeteream·
751 611 814 696 qui
840 632 870 678 ιι
889 632 1084 694 numquam
1106 611 1150 674 in'
1170 610 1220 674 vi·

156 727 189 777 ta
215 731 276 776 sua
298 709 476 794 peccavit,
510 718 629 771 tamen
653 711 824 789 majorem
846 710 1013 789 injuriam
1039 696 1220 793 reipubli-
1236 731 1243 739 ·

158 831 220 877 cae
245 806 366 873 facere
386 829 460 872 nou
484 807 626 903 potuit,
642 826 749 894 quam
775 810 874 894 quod
896 822 931 872 te
956 806 1066 873 talem
1092 808 1221 892 filium

155 908 311 1000 genuit3
337 925 477 992 neque,
517 919 555 968 tu
598 904 629 969 si
665 926 734 991 qua
765 906 804 970 in
838 896 991 992 pueritia
1025 910 1219 991 peccasti,

58 1040 67 1057 ι
157 1028 353 1093 exsequar,
378 1027 424 1069 ne
449 1013 633 1088 parentem
661 1018 764 1069 tuum
789 1005 910 1071 videar
935 1006 1126 1087 adcurare,
1155 1007 1223 1090 qui

95 1164 99 1179 ,
162 1128 204 1171 eo
235 1120 396 1190 tempore
422 1122 594 1169 summam
629 1103 682 1166 tui
715 1098 935 1220 potestalem
965 1103 1112 1183 habuit;
1156 1106 1223 1171 sed

160 1205 305 1293 qualem
331 1202 608 1268 adolescentiam
631 1202 757 1290 egeris
785 1204 859 1268 Hac
877 1205 974 1267 enim
998 1198 1223 1270 demonstra·

104 1315 115 1328 “·
155 1314 220 1378 ta,
255 1303 365 1368 facile
393 1298 635 1391 intelligetur,
674 1323 782 1386 quam
819 1303 995 1387 petulanti
1028 1303 1223 1384 pueritia,

159 1425 267 1495 quam
290 1401 493 1488 impudicus
508 1411 548 1465 et
564 1420 715 1484 procax,
736 1401 947 1473 adoleveris
966 1397 1088 1464 Postea
1111 1410 1222 1486 quam

158 1504 352 1567 immensae
371 1501 475 1588 gulae
494 1495 767 1582 impudicissimi
786 1496 943 1616 corporis
959 1510 1125 1583 quaestus
1147 1498 1223 1563 suf·

160 1589 276 1665 ficere
301 1621 374 1663 non
398 1597 537 1680 potuit,
562 1609 595 1660 et
612 1610 705 1661 aetas
727 1612 785 1663 tua
810 1601 883 1679 jam
902 1600 947 1663 ad
968 1619 1009 1662 ea
1027 1599 1220 1687 patienda,

161 1717 253 1784 quac
274 1696 375 1760 alteri
402 1697 520 1761 iacere
547 1693 790 1777 collibuisset,
807 1696 1028 1777 exoleverat,
1043 1697 1223 1782 cupidita·

160 1792 257 1861 tibus
278 1795 429 1859 infinitis
453 1791 678 1874 offerebatis,
700 1808 757 1876 ut,
784 1818 875 1882 quae
899 1797 976 1881 ipse
993 1798 1138 1880 corpori
1156 1808 1225 1859 tuo

40 1952 43 1959 .
95 1932 98 1937 ·
161 1895 277 1981 turpia
306 1917 379 1959 non
408 1894 591 1975 duxisses,
622 1894 660 1956 in
689 1893 765 1962 aliis
793 1895 1014 1981 experireris.
1060 1896 1115 1960 Ita
1144 1915 1221 1958 non

143 2007 214 2058 -est
240 1992 347 2069 facile
375 2002 561 2078 etputare,
586 1989 702 2057 Patres
719 1991 941 2080 Conscripti,
974 2008 1094 2058 utrum
1120 1992 1223 2056 inho·

162 2091 375 2159 certioribus
403 2088 561 2187 corporis
578 2090 737 2172 partibus
753 2115 830 2159 rem
848 2092 1056 2206 quaesierit,
1073 2114 1120 2157 au
1138 2091 1225 2154 ami·

162 2189 260 2257 serit
311 2191 460 2255 Domum
486 2200 668 2272 paternam
696 2190 774 2254 vivo
803 2191 902 2278 pa'tre
931 2166 1140 2276 turpissime
1163 2211 1225 2253 ve-

88 2298 96 2308 ‘
163 2286 284 2354 nalem
299 2289 434 2402 babuit,
460 2286 640 2368 vendidit,
670 2303 704 2352 et
727 2293 786 2354 cui
811 2290 961 2355 dubium
983 2301 1098 2375 potest
1126 2307 1224 2360 esse,

163 2389 253 2473 quin
278 2388 370 2452 mori
397 2385 554 2472 oobgerit
577 2405 682 2463 cum,
710 2409 782 2471 quo
806 2389 865 2452 hic
891 2387 1224 2469 noudummortuo

161 2508 229 2573 pro
253 2486 387 2578 herede
398 2483 543 2572 gesserit
555 2485 704 2546 omnia?
744 2483 867 2566 Neque
895 2487 1005 2569 pudet
1026 2509 1045 2551 a
1065 2506 1121 2550 me
1137 2505 1223 2547 eum

163 2603 363 2671 quaerere,
389 2582 469 2668 quis
485 2582 524 2649 in
543 2579 662 2645 Publii
679 2584 791 2649 Crassi
808 2587 914 2648 domo
933 2584 1087 2665 babitet3
1110 2604 1225 2668 quum

162 2683 239 2767 ipse
264 2681 481 2768 respondere
506 2702 580 2744 non
610 2692 738 2764 queat,
773 2685 852 2771 quis
886 2683 924 2746 iu
950 2679 1226 2767 ipsiushabitet

162 2792 309 2866 paterna
344 2783 466 2855 domo,
517 2783 573 2842 At.
590 2778 760 2851 hercule,
799 2782 918 2868 lapsus
956 2781 1077 2846 aetatis
1103 2778 1226 2845 tiroci-

140 2880 250 2956 „nio,
286 2893 406 2965 postea
446 2880 488 2943 se'
518 2879 678 2942 correxit.
738 2876 819 2944 Non
850 2882 896 2944 ita
932 2893 1009 2946 est:
1033 2879 1112 2944 'sed
1149 2877 1225 2944 abi·

162 2979 191 3042 it
222 2978 263 3045 ln
301 2977 506 3044 sodalitium
541 2975 709 3066 sacrilegi
731 2975 950 3068 ¹Nigidiani,
993 2977 1047 3042 bis
1079 2975 1226 3065 judicis

116 3091 119 3096 “
164 3078 209 3142 ad
228 3076 395 3148 subsellia
411 3075 607 3151 adtractus,
635 3091 787 3144 extrema
816 3079 959 3144 fortuna
979 3074 1093 3144 stetitz
1121 3089 1157 3141 et
1174 3074 1226 3142 ita

67 3190 78 3215 ἰ
165 3177 352 3256 discessit,
385 3191 425 3240 ut
454 3199 527 3239 nou
560 3171 629 3239 ¹iric
660 3177 834 3244 innocens
868 3198 975 3256 esse,
1024 3172 1089 3239 sed
1128 3174 1227 3256 judi·

126 3280 128 3288 '
165 3296 225 3344 ces
251 3278 428 3360 peierasse
455 3273 750 3344 existimarentur.
800 3273 956 3341 Primum
986 3272 1228 3339 bonorem-in

164 3387 354 3459 quaestura
365 3374 535 3458 adeptus,
559 3374 654 3438 hunc
675 3375 814 3455 locum,
841 3388 874 3440 et
888 3374 1072 3449 ordinem,
1098 3372 1235 3462 despc⁶¹
1277 3442 1280 3449 ,

165 3473 238 3550 xit,
261 3473 365 3550 cujus
390 3471 508 3539 aditus.
531 3468 603 3536 sibi
628 3494 794 3559 quoque,
819 3462 1229 3539 sordidissimo'homint

166 3570 345 3656 patuisset.
370 3571 499 3656 Itaque
521 3571 673 3650 timens,
698 3596 746 3637 ne
773 3572 932 3651 facinora
953 3576 1030 3651 ejus
1049 3570 1144 3633 clam
1167 3591 1232 3636 sos

169 3681 305 3746 essent,
331 3690 442 3755 quum
458 3667 620 3736 omnibus
636 3685 788 3738 matrum
812 3671 1029 3737 familiarum
1057 3669 1146 3733 viris:
1166 3691 1232 3754 op·

165 3767 313 3853 probriu
333 3783 437 3840 essetl
453 3767 635 3833 confessus
650 3783 722 3849 est,
750 3768 846 3835 vobis
862 3767 1109 3858 audientibus,
1128 3767 1234 3832 adul·

168 3866 318 3942 terium,
351 3887 469 3949 neque
506 3866 649 3931 erubuit
678 3890 737 3953 ora
764 3880 883 3932 vestra.
935 3864 1092 3947 Vixeris,
1120 3882 1162 3932 ut
1187 3868 1235 3931 li·

167 3962 254 4041 hu,
280 3960 439 4032 Sallusti:
467 3966 599 4056 egeris,
621 3988 712 4057 quae
724 3966 879 4041 volueris
888 3989 901 4048 ς
925 3964 1008 4051 satis¹
1020 3965 1088 4047 sit,
1115 3988 1237 4035 unum
