2580 4492
450 232 499 247 ···
573 201 644 264 302
720 234 767 261 -.·

453 327 469 357 4

183 391 265 456 beat
291 386 430 467 negotiu
456 406 536 459 sua,
563 383 692 468 quibus
715 384 869 470 abmdo
894 384 1051 468 publico
1084 381 1143 446 de·

187 492 362 553 sineatur:
382 488 546 565 juventus
559 482 748 565 probitati,
776 498 809 549 et
824 484 1046 557 industriae,
1071 503 1145 543 uon

189 585 381 659 sumtibus,
407 603 526 665 neque
547 578 695 645 divinit
731 583 880 646 studeat.
909 583 947 643 id
980 583 1033 643 ita
1070 600 1148 641 eve·

187 689 282 760 niet,
306 683 334 746 si
358 682 552 767 pecuniae,
589 700 678 764 quae
701 702 859 745 maxuma
878 680 1047 742 omnium
1066 688 1148 760 pet·

188 786 300 850 uicies
321 794 392 856 est,
418 801 519 842 usum
552 793 659 862 atque
692 779 801 842 decus
834 778 1017 841 demseris.
1045 820 1057 847 ,-

121 874 162 950 it
288 879 376 943 Nam
400 900 504 961 saepe
525 899 590 959 ego
619 899 699 939 cum
717 877 832 941 animo
853 899 932 940 meo
949 866 1149 957 reputans,

42 1058 46 1069 Ι
120 1006 124 1014 ’
189 981 319 1066 quibus
338 998 489 1060 quisque
517 975 623 1037 rebus
648 972 734 1055 cieri
764 977 828 1036 viri
856 974 1112 1061 magnitudine

190 1080 428 1151 invenissent,
446 1095 537 1157 quae
556 1094 609 1134 res
623 1073 773 1154 populos
790 1076 994 1139 unionesve
1008 1078 1153 1165 maguis

192 1176 396 1244 auctoribus
414 1173 607 1246 auxissent,
644 1193 682 1233 ae
708 1173 839 1235 deinde
871 1172 1001 1256 quibus
1037 1178 1154 1241 causis

194 1273 408 1360 amplissima
421 1291 550 1356 regna,
579 1283 613 1330 et
630 1269 798 1353 imperia,
823 1273 1066 1334 corruissent:
1095 1278 1171 1338 ea?

196 1377 278 1438 dem
290 1391 430 1452 semper
446 1369 558 1440 bona,
587 1379 693 1450 atque
708 1369 796 1431 mala
810 1367 1036 1454 reperiebam
1052 1417 1062 1448 ,
1081 1396 1155 1436 om.

138 1522 141 1529 .
200 1475 329 1556 nisque
349 1472 497 1530 rictores
516 1465 754 1542 contemsisse,
776 1479 809 1531 et
834 1470 942 1532 victos
955 1466 1156 1549 cupivisse·

296 1561 422 1648 Neque
446 1565 547 1629 aliter
574 1565 761 1646 quisquam
784 1569 955 1628 extollere
984 1587 1086 1644 sese,
1121 1584 1154 1636 et

195 1668 312 1734 divina
340 1652 497 1727 mortalis
523 1663 696 1749 attingere
722 1677 858 1746 potest,
892 1665 982 1737 nisi,
1010 1668 1153 1732 omissis
1190 1646 1192 1653 Ι

196 1764 371 1855 pecuniae
394 1776 427 1824 et
441 1762 597 1843 eorporis
610 1761 770 1848 gaudiis,
796 1763 915 1825 animo
932 1761 1152 1851 indulgens,
1167 1781 1173 1796 “

193 1872 268 1933 n'on
294 1860 531 1930 adsentando,
553 1880 673 1946 neque
700 1861 888 1943 concupita
915 1859 1152 1944 praebendo,

195 1982 396 2051 perversam
422 1957 567 2046 gratiam
597 1957 814 2046 gratificans3
841 1961 903 2022 sed
933 1964 970 2022 r'n
1000 1961 1153 2043 labore,

199 2061 389 2149 patientia,
415 2056 592 2140 bonisque
619 2058 834 2140 praeceptis,
862 2071 896 2121 et
922 2058 1025 2121 factis
1048 2061 1154 2126 sorti.

200 2164 267 2227 bus
283 2152 521 2221 exercitando.
573 2152 663 2227 Nasu
690 2155 858 2236 domum,
885 2170 943 2220 aut
962 2157 1090 2222 villam
1109 2180 1149 2225 ex

204 2276 361 2332 struere,
389 2273 540 2336 eamque
557 2253 689 2340 signis,
719 2254 876 2342 aulaeis,
904 2255 1065 2340 aliisque
1083 2282 1152 2343 ope

147 2406 150 2419 .
204 2360 513 2426 ribusexornare,
541 2351 709 2413 etornnia
740 2353 878 2435 potius,
907 2375 1014 2433 quam
1033 2372 1150 2421 semet

150 2509 157 2515 .
207 2454 393 2520 visendum
421 2448 585 2524 efiicere3
612 2449 650 2509 id
677 2461 728 2510 est
761 2471 835 2510 non
869 2451 1009 2515 divitias
1045 2457 1158 2518 decor

204 2553 358 2624 babere,
386 2547 447 2610 sed
475 2546 590 2631 ipsum
618 2547 690 2611 illis
717 2545 849 2633 flagitio
872 2568 959 2612 esse.

135 2665 177 2728 13
301 2647 409 2712 Porro
427 2644 476 2721 ii,
503 2645 630 2728 quibus
656 2645 709 2708 bis
736 2645 794 2707 die
807 2662 964 2710 ventrem
982 2671 1156 2727 onerare,

204 2750 342 2817 nullam
367 2751 509 2807 noctem
534 2744 611 2805 sine
638 2754 753 2807 scorto
786 2744 969 2827 quiescere
989 2769 1064 2811 mos
1083 2764 1155 2828 est3

203 2851 268 2916 ubi
293 2847 469 2917 animum,
496 2863 603 2924 quem
622 2841 796 2905 dominari
814 2843 984 2921 decebat,
1011 2849 1155 2913 servitio

206 2964 434 3032 oppressere,
469 2947 697 3023 nequaquam
723 2961 765 3002 eo
792 2957 910 3022 postea
949 2945 1071 3008 hebeti
1110 2961 1158 3009 at·

118 3041 121 3049 ’
207 3068 278 3132 que
299 3043 446 3113 claudo,
472 3042 704 3122 proesercito
721 3038 773 3100 uti
791 3041 925 3110 volunt.
976 3041 1157 3124 Numim,

164 3165 169 3171 ’
207 3143 396 3232 prudentia
424 3135 595 3221 pleraque
613 3152 648 3201 et
673 3159 709 3202 se
747 3140 997 3232 praecipitant,
1157 3206 1160 3211 ,

276 3239 438 3302 Verum
464 3238 550 3298 haec
578 3249 612 3298 et
638 3235 754 3298 omnia
784 3238 878 3301 mala
914 3242 1069 3322 pariter
1078 3265 1162 3307 cum

208 3343 343 3405 honore
362 3335 537 3421 pecuniae
564 3335 764 3409 desinent,
782 3335 809 3397 si
836 3357 953 3419 neque
981 3341 1163 3424 magistra,

209 3455 265 3506 sus
290 3436 407 3520 neque
435 3434 502 3498 alia
519 3433 624 3521 vulgo
645 3434 821 3520 cupienda
839 3438 974 3500 venalia
1002 3455 1122 3502 erunt.
