2580 4492
523 203 877 331 μεθ’,

218 406 362 499 ⁴negotii
378 402 547 471 Scaurum
570 414 770 486 acceperatis
800 404 838 472 in
859 426 1056 476 maxumam
1074 400 1176 497 spem

201 496 397 579 ,adductus
422 502 681 589 recuperandae
709 507 823 588 pacis,
864 509 980 572 statuit
1014 531 1093 574 cum
1122 514 1175 582 eis.

223 592 268 672 de
291 605 451 674 omnibus
478 599 699 689 pactionibus
727 625 890 691 praesens
916 596 1031 694 agere'.
1068 607 1170 689 Cete-

224 729 304 771 rum
333 708 495 780 interea,
520 700 606 767 fidei
633 698 753 781 daura,
790 695 941 771 mittitur
969 728 987 770 a
1016 707 1169 776 Consule

221 804 356 871 Sestius
377 804 546 880 Quaestor
561 803 599 864 in
617 802 788 887 oppidum
807 805 999 891 iugurthae
1023 805 1167 894 Vagam.

181 955 184 961 .
220 905 327 983 Cujus
352 903 406 966 rei
426 898 559 986 species
578 898 827 988 erot'acceptio
853 902 1043 982 frumenti,
1069 908 1168 989 qnod

220 1001 429 1087 Calpurnius
449 1001 563 1085 palam
590 999 710 1087 legatis
735 1002 981 1085 imperauerat:
1000 1006 1167 1087 qnoniam

159 1149 162 1153 -
223 1099 413 1167 deditionis
437 1096 532 1163 mora
556 1094 719 1163 induciae
746 1100 975 1188 agitabantur.

320 1201 430 1286 Igitur
454 1196 545 1275 Rex,
571 1198 634 1280 uti
650 1202 895 1276 constituerat,
922 1199 966 1285 io,
981 1212 1088 1267 castra
1113 1188 1169 1268 re·

219 1298 292 1376 nit,
319 1319 358 1363 ac
384 1320 506 1383 pauca,
530 1302 703 1379 praesenti
724 1297 894 1375 consilio,
920 1298 1166 1382 loquutus.de

215 1394 349 1463 invidia
375 1396 477 1475 facti,
504 1409 606 1478 atque
633 1395 669 1459 in
698 1395 915 1459 deditionem
941 1396 1168 1484 uti·accipe‘·

216 1507 343 1570 retur,
372 1486 509 1576 reliqna
546 1513 626 1555 cnm
659 1492 770 1558 Bestia
810 1510 844 1558 et
873 1493 1166 1564 Scauro.'secreta

217 1592 395 1679 transigite
424 1591 506 1654 dein
532 1604 673 1674 postero
700 1594 778 1671 die,
805 1592 905 1677 quasi
928 1614 992 1676 per
1010 1602 1167 1667 saturam
1207 1670 1210 1675 Ι

215 1690 395 1776 ex'quisitis
413 1688 616 1777 sententiis,
643 1690 680 1751 in
704 1688 920 1755 deditionem
950 1691 1135 1776 accipitur.

314 1789 381 1852 Sed
403 1788 454 1850 uti
472 1809 535 1871 pro
555 1789 701 1853 consilio
727 1789 958 1874 imperatum,
984 1790 1167 1873 elephanti

188 1889 378 1976 triginta,
407 1907 513 1968 pecus
538 1898 641 1968 atque
677 1889 761 1970 equi
796 1889 914 1967 multi,
951 1909 1031 1952 cum
1056 1909 1163 1972 parvo
1196 1942 1200 1949 .

215 1985 349 2072 argenti
381 1985 539 2069 pondere
564 1982 748 2060 Quaestori
774 1988 969 2058 traduntur.
1019 1984 1164 2072 Calpur·

84 2081 96 2178 ¹.
187 2084 295 2146 -nins
321 2080 465 2147 Romam
490 2068 533 2143 ad
557 2083 772 2169 magistratus
807 2086 982 2172 rogandos
1016 2080 1172 2169 protic'te

192 2179 335 2248 scitur.
787 2230 789 2235 .
1040 2232 1043 2236 ,

314 2281 353 2343 ln
378 2277 543 2344 Numidia
570 2289 604 2342 et
631 2279 785 2347 exercitu
811 2288 935 2373 nostro,
954 2301 1020 2364 pax
1054 2280 1173 2371 agitas

145 2428 148 2433 Δ
206 2374 325 2447 ¹batur.

118 2488 166 2552 30
195 2556 198 2563 Ι
313 2472 499 2560 Postquam
527 2489 585 2539 ‘res
612 2472 651 2563 ¹in
679 2462 801 2536 Africa
832 2487 941 2560 gestas
968 2517 978 2547 ,
1016 2498 1159 2562 quoque

211 2572 317 2637 modo
352 2578 463 2637 actae
482 2571 599 2637 forent
619 2564 745 2649 ,fama
773 2571 986 2659 divulgarit5
1027 2573 1158 2641 Rornae

165 2674 168 2679 ’
208 2676 273 2757 per
292 2674 403 2736 omnis
432 2671 533 2735 locos*
556 2684 589 2734 et
618 2681 806 2733 conventus
834 2671 878 2734 dc
904 2671 996 2735 facto
1020 2673 1158 2743 Consu·

208 2769 252 2837 lis
295 2770 427 2859 agitari.
478 2768 584 2851 Apud
613 2765 756 2852 plebem
784 2769 894 2856 gravis
916 2768 1072 2854 invidia;
1097 2754 1157 2845 l’a·
1190 2812 1193 2817 ·

208 2882 290 2947 tres,
302 2866 536 2951 probarentne
553 2879 687 2929 tanturn
697 2865 885 2954 flagitium,
912 2891 953 2932 an
975 2860 1154 2939 decretum

211 2967 370 3031 Consulis
391 2963 649 3043 subverterent,
675 2984 798 3046 parum
818 2964 1006 3031 constabat.
1080 3002 1084 3009 ·
1139 3047 1142 3051 .
1201 3041 1204 3046 ,

308 3066 356 3128 bc
383 3083 541 3127 maxume
568 3083 625 3126 ecs
654 3064 809 3159 potentia
836 3054 974 3145 Scauri,
1001 3070 1101 3158 quod·
1123 3069 1152 3136 is

208 3173 328 3225 auctor
354 3176 389 3225 et
412 3161 526 3251 socius
550 3160 683 3227 Bestiae
709 3160 908 3242 ferebatur,
934 3183 953 3225 a
973 3185 1071 3246 vero,
1091 3166 1153 3233 bo.

207 3280 327 3343 noque
362 3259 587 3343 impediebat.
1120 3308 1123 3315 .

305 3352 350 3421 Αἰ
376 3357 413 3421 C.
434 3358 643 3436 Memmius,
665 3358 764 3435 cnjus
790 3357 834 3421 de
860 3358 1023 3439 libertate
1050 3363 1149 3451 inge·

204 3457 256 3521 nii
283 3468 316 3518 et
335 3456 417 3519 odio
438 3456 615 3538 potentiae
641 3456 832 3520 nobilitatis
859 3478 961 3542 supra
988 3462 1148 3539 diximus,-

143 3623 147 3631 ,
204 3558 298 3619 inter
329 3554 583 3618 dubitationem
611 3568 643 3619 et
669 3550 787 3617 moras
804 3552 940 3634 Senati,
970 3561 1148 3623 concioni·

104 3676 110 3685 ·
202 3651 268 3716 bus
288 3653 458 3737 populum
473 3653 516 3713 ad
535 3652 784 3716 vindicandum
802 3653 954 3734 hortari,
978 3662 1149 3736 monere,

204 3772 251 3816 ne
285 3750 560 3833 rempublicam,
587 3771 632 3813 ne
659 3750 857 3816 libertatern
885 3771 981 3818 suam
1007 3758 1145 3820 desere·

204 3866 306 3918 rent:
331 3842 446 3916 m'nlta‘
460 3847 634 3935 superba,
660 3851 817 3918 crudelia
843 3849 998 3919 facinora
1014 3853 1144 3923 nobili·
