2580 4492
553 146 822 262 -ats-

163 380 227 457 lo,
249 400 354 465 quarn
373 375 509 463 experti
530 374 666 444 suntin
682 396 791 464 pace,
815 372 886 444 boe
911 373 1072 445 Africam
1093 379 1224 446 interi·

164 500 264 543 orem
281 477 493 543 obtinente?
518 479 615 544 unde
640 487 776 543 tanturn
799 478 859 542 bic
884 480 1062 554 exhausit,
1105 502 1222 566 quan·

71 570 76 578 ’
163 592 241 641 turn
263 579 381 663 potuit
398 590 457 642 aut
480 577 552 641 lide
575 579 762 644 nominum
771 579 948 657 transiiel,
975 595 1035 644 aut
1049 572 1091 640 ib
1108 596 1222 644 naves

163 675 349 756 contrudit
375 688 510 745 tantum
525 676 690 763 inquam,
716 674 833 741 Patres
848 677 1066 764 Conscripti,
1091 682 1225 744 exhau-

163 778 227 854 sit,
260 790 434 861 quantum
460 773 593 839 voluit:
627 796 674 840 nc
707 796 847 840 causam
871 777 1030 856 diceret,
1054 778 1222 844 sestertio

164 873 360 940 duodecies
378 897 461 940 cum
486 872 634 940 Caesare
659 875 861 960 paciscitur.
889 875 1044 954 Quodsi
1071 875 1220 963 quidpi-

124 1032 131 1039 .
161 994 222 1041 am
246 992 371 1038 eorum
389 973 520 1037 falsum
543 986 615 1052 est,
640 973 699 1038 bic
724 973 841 1059 palam
866 974 1016 1054 refelle,
1051 979 1153 1039 unde
1181 989 1223 1040 tu

165 1072 231 1158 qui
262 1073 369 1136 modo
396 1092 442 1136 ne
471 1084 653 1155 paternam
686 1071 834 1156 quidem
863 1072 1009 1139 domum
1031 1060 1223 1138 redimere

163 1171 342 1257 potueris,
376 1182 522 1256 repente
548 1183 727 1254 tamquam
756 1172 893 1237 somnio
924 1173 1066 1251 beatus,
1101 1175 1224 1237 hortos

162 1269 455 1355 pretiosissimos,
478 1268 599 1333 villam
615 1269 757 1334 Tiburti
769 1268 845 1350 Caji
858 1269 1035 1348 Caesaris,
1059 1275 1224 1356 reliquas

94 1439 98 1445 ¹
164 1368 404 1453 possessiones
426 1369 615 1452 paraveris.
642 1365 772 1452 Neque
792 1370 912 1457 piguit
938 1392 1130 1456 quaerere,
1159 1388 1226 1432 cur

166 1487 233 1554 ego
253 1465 373 1531 Publii
391 1464 502 1531 Crassi
521 1469 666 1532 domum
683 1467 871 1533 emissem:
896 1491 1008 1554 quum
1027 1483 1066 1533 tu
1092 1470 1225 1531 veteris

164 1565 273 1630 villae
297 1564 463 1645 dominus
487 1567 552 1648 sis,
579 1570 681 1645 cujus
697 1565 819 1650 paullo
839 1579 921 1632 aute
934 1567 1051 1631 fuerat
1070 1565 1225 1631 Caesart

163 1665 298 1742 modo,
323 1663 488 1748 inquam,
513 1665 726 1749 patrimonio
745 1685 817 1732 non
841 1687 1001 1743 comeso,
1027 1664 1093 1731 sed
1118 1665 1228 1728 devo·

165 1776 260 1843 rato,
287 1761 417 1846 quibus
436 1763 629 1827 rationibus
652 1776 799 1849 repente
825 1764 938 1828 iactus
964 1784 1002 1827 es
1020 1763 1227 1830 tamadilu·

15 1858 21 1866 '
58 1865 62 1871 '
166 1880 251 1939 ens,
279 1873 401 1933 ettam
420 1859 568 1928 beatus?
602 1857 690 1945 Narn
712 1862 792 1946 quis
813 1875 848 1924 te
875 1862 1008 1938 laceret
1031 1863 1228 1940 heredem,

165 1981 274 2043 quem
299 1979 348 2023 ne
366 1959 521 2023 amicum
538 1960 682 2047 quidem
700 1979 804 2023 suum
821 1960 901 2025 satis
916 1963 1106 2027 honestum
1126 1961 1226 2045 quis·

90 2137 94 2145 ¹
166 2079 272 2140 quarn
296 2058 365 2123 sibi
384 2057 503 2135 ducit,
529 2059 598 2123 nisi
630 2058 774 2133 similis,
800 2081 843 2123 ac
861 2081 927 2145 par
950 2059 1028 2124 tuit
1063 2064 1110 2122 At
1140 2062 1223 2121 her·

167 2158 248 2234 que
275 2154 416 2243 egregia
454 2155 545 2222 iacta
573 2163 746 2239 majorum
776 2169 920 2221 tuorum
951 2169 988 2222 te
1025 2152 1225 2235 extollunt,

166 2277 320 2342 quorum
345 2254 416 2320 sive
436 2265 473 2318 tu
489 2255 615 2320 similis
636 2278 691 2329 es,
718 2253 789 2320 sive
808 2255 865 2319 illi
882 2253 958 2333 tui,
981 2254 1076 2321 nihil
1095 2255 1137 2319 ad
1151 2277 1229 2318 om·
1284 2242 1286 2248 ¹

166 2354 268 2420 nium
293 2352 410 2418 scelus
439 2373 479 2417 ac
512 2354 709 2439 nequitiam
734 2351 819 2417 addi
846 2365 971 2440 potest.
1022 2357 1156 2421 Verum
1186 2366 1226 2417 ut

167 2453 317 2537 opinor,
350 2453 503 2514 bonores
539 2452 593 2513 tui
617 2466 656 2517 te
691 2451 828 2515 faciunt
860 2451 1090 2514 insolentem.
1140 2450 1223 2530 Tu,

166 2548 289 2635 Crispe
315 2546 475 2624 Sallusti,
503 2547 673 2615 tantidem
697 2559 799 2634 putas
821 2568 895 2612 esse
920 2545 975 2615 bis
991 2548 1225 2628 Senatorem,

167 2662 203 2714 et
226 2647 280 2712 bis
308 2646 537 2726 Quaestorem
562 2647 661 2724 fieri,
696 2643 819 2732 quanti
852 2646 915 2733 bis,
932 2645 1163 2712 Consularem
1191 2663 1226 2712 et

165 2742 220 2812 bis
238 2744 537 2830 Triumphalem?
571 2745 699 2810 Carere
725 2743 832 2807 debet
848 2743 946 2808 omni
963 2744 1070 2825 viti03
1098 2745 1162 2830 qui
1186 2748 1226 2811 in

100 2850 103 2854 ’
167 2845 319 2910 alterurn
348 2855 488 2929 paratus¹
513 2855 563 2933 est
589 2843 722 2909 dicere.
777 2840 805 2908 ls
839 2844 985 2906 demum
1016 2841 1226 2923 maledicit,

168 2943 316 3037 quinon
332 2955 585 3026 potesbsverum
601 2940 645 3004 ab
669 2934 779 3007 altero
806 2941 942 3005 audire.
988 2939 1065 3006 -sed
1091 2957 1128 3005 tu
1148 2965 1229 3006 om·

166 3044 268 3108 nium
296 3060 497 3105 mensarum
529 3039 686 3119 adsecla,
711 3040 881 3104 'omnium
907 3038 1159 3116 cubiculorum
1186 3044 1249 3107 in

168 3151 281 3206 aetate
306 3137 444 3222 pellex,
471 3150 506 3202 et
530 3137 626 3200 idem
652 3152 773 3224 postea
790 3136 949 3216 adulter,
977 3139 1091 3202 omnis
1126 3140 1226 3204 ordi·

54 3293 58 3302 .
154 3241 225 3305 -nis
239 3235 423 3321 turpitudo
442 3257 490 3314 es,
518 3249 552 3322 et
578 3236 690 3318 civilis
704 3222 791 3301 b'e'tti
812 3237 992 3301 memoria.
1017 3235 1113 3314 Quid
1131 3241 1233 3304 enim

169 3339 306 3427 gravius
332 3333 404 3420 pati
420 3333 620 3419 potuimus,
647 3342 755 3420 qu'a'rn
772 3335 869 3439 quod
893 3347 929 3399 te
945 3335 1164 3401 incolumem
1186 3339 1226 3424 iu

167 3440 235 3500 hoc
259 3435 385 3499 ordine
410 3433 616 3496 videamus?
650 3422 777 3498 De'sib'e
804 3432 916 3498 bonos
939 3434 1225 3520 petulantissima

168 3530 363 3618 ponsectari
382 3531 526 3618 linguat
550 3529 673 3597 desine
693 3531 817 3599 morbo
830 3533 1048 3617 procacitatis
1065 3531 1131 3603 isto
1148 3535 1226 3598 uti:
1244 3603 1252 3615 ι

61 3657 66 3663 ·
170 3632 292 3697 desine
331 3625 623 3711 unumquemque
641 3632 807 3696 moribus
833 3630 900 3693 tuis
924 3623 1132 3696 aestimaret
1168 3637 1226 3699 his

54 3748 57 3755 '
169 3730 326 3798 moribus
356 3728 510 3793 amicum
530 3726 596 3791 tibi
615 3729 732 3796 iacere
745 3728 818 3792 nori
833 3741 951 3813 potes3
978 3728 1105 3793 videris
1125 3735 1222 3796 uelle

30 3874 34 3881 ·
142 3829 356 3919 ,inimicum
388 3825 530 3890 habere.
581 3830 705 3894 Finem
740 3826 885 3891 dicendi
919 3828 1069 3905 faciam,
1101 3829 1223 3894 Patres

76 4014 81 4022 ¹
169 3925 391 4019 Conscripti,
420 3944 523 4012 saepe
550 3928 646 3994 enim
674 3929 745 3999 vidi
774 3925 911 4018 gravius
935 3927 1119 4015 offendere
1146 3931 1228 3993 aui.
