2580 4492
427 103 489 222 'w-
561 138 648 223 312·
711 184 759 217 ⁶.-

94 347 210 439 5·
267 340 374 417 Nam,
403 337 489 423 quid
515 357 582 424 ego
608 337 654 401 de
679 349 714 400 te
732 336 879 427 dream
906 308 1011 415 cujus
1044 355 1133 398 eona

157 441 354 511 ltumeliam
373 439 566 503 homines
556 435 784 524 ignavissumi
799 437 865 500 rita
879 455 946 499 sua
964 454 1132 521 commu·

172 561 246 630 tare
272 541 418 604 volunt?
443 536 580 601 scilieet
607 543 723 614 neque
740 533 812 600 illia
827 530 942 597 tautae
962 512 1131 616 uolupta-

144 663 150 679 “
172 647 196 722 ti
217 653 268 708 eet
292 637 442 721 (tametsi
469 629 729 723 insperantibus
749 632 893 713 accidit)
913 630 1131 711 dominatio,

174 751 307 828 quanto
334 735 487 816 moerori
513 748 571 796 tua
597 732 767 817 dignitas:
795 733 854 816 qui
889 728 1045 813 optatius
1066 730 1130 794 Ιιιι-ι

171 841 279 915 bent,
305 856 346 898 ex
368 847 426 914 tua
445 831 639 914 calamitate
664 831 866 914 perieulum
880 820 1059 910 libertatis
1080 828 1131 894 l'a·

174 959 277 1014 nere,
305 954 409 1017 quam
436 954 500 1016 per
533 947 567 993 te
596 922 721 1016 populi
753 927 939 994 Romani
930 928 1131 1013 tmperium

172 1053 373 1123 maxumum
400 1051 440 1094 ex
465 1042 591 1118 magno
625 1026 714 1093 fieri
780 1024 792 1046 ’

273 1132 352 1213 Quo
379 1128 487 1216 tnagis
513 1128 581 1192 tibi
608 1127 713 1193 etiam
735 1142 839 1212 atque
866 1127 970 1190 etiam
1002 1130 1126 1193 auimo

174 1225 466 1341 prospiciendum
493 1241 563 1302 ιιι,
580 1248 734 1311 quonam
751 1221 856 1290 modo
873 1247 948 1290 rem
967 1228 1129 1294 stabilias

174 1324 478 1411 eommuniasque
527 1327 619 1394 Mihi
635 1325 780 1410 quidem
804 1346 894 1409 qnae
915 1346 1019 1391 mens
1043 1349 1129 1415 sup·

174 1427 295 1545 petit,
310 1425 445 1506 eloqui
455 1445 528 1493 ιιοιι
555 1422 737 1488 dubitabo.
788 1425 953 1491 Ceterum
973 1425 1031 1490 tui
1058 1429 1127 1491 erit

58 1517 61 1523 ’
172 1525 313 1615 ingenii
342 1521 513 1610 probare,
540 1543 629 1607 quae
659 1545 737 1599 vera
763 1536 868 1610 atque
895 1521 998 1626 utilia
1025 1525 1126 1592 iaetu

173 1624 289 1713 putes

130 1725 152 1806 6
276 1723 317 1784 ln
343 1719 427 1783 duas
453 1730 567 1804 partes
598 1743 663 1806 ego
689 1722 863 1787 civitatem
890 1703 1047 1789 divisam
1074 1748 1137 1789 ar-

176 1823 309 1899 bitror,
334 1819 425 1885 sicut
450 1821 676 1899 amajoribue
701 1820 844 1908 aoeepi,
868 1819 1067 1904 inpetres,
1094 1840 1132 1895 et

117 1919 333 2033 plebem
381 1915 530 1998 Antea
520 1937 558 2009 ιιι
587 1918 744 2004 patribus
769 1941 902 1985 summa
934 1923 1126 1988 auotoritas

159 2032 267 2097 erat,
294 2017 343 2081 tir
369 1995 482 2089 multo
507 2011 666 2080 ma'xuma
691 2018 728 2079 in
755 2017 874 2105 plebe.
901 2017 1028 2113 ltaque
1052 2041 1126 2090 sae·

173 2120 254 2204 ptus
272 2115 311 2176 in
337 2107 476 2192 civitate
501 2118 651 2181 secessio
673 2111 761 2181 fuit·
786 2138 998 2202 semperque
1021 2121 1123 2183 nobi·

90 2221 91 2224 ’
163 2216 284 2280 litatis
303 2232 386 2297 opes
408 2211 609 2280 deminutae
634 2225 737 2294 tunt,
764 2229 799 2279 et
821 2219 876 2296 jue
902 2215 1032 2318 populi
1049 2240 1123 2285 am:
1166 2221 1167 2224 ’

170 2311 380 2400 plifioatum2

179 2413 183 2419 ’
275 2409 343 2475 Sed
366 2404 489 2490 plebes
512 2429 555 2472 eo
581 2369 693 2476 libere
711 2409 873 2501 agitabat,
886 2434 968 2498 quta
988 2416 1135 2482 nulline
1186 2423 1190 2430 '

175 2506 333 2596 potentia
357 2524 463 2590 super
484 2506 542 2568 le
521 2529 580 2594 ger
607 2522 718 2586 erata
731 2530 851 2594 neque
876 2510 1040 2603 divitiis,
1066 2529 1128 2583 aut

71 2639 72 2642 ι
158 2603 360 2688 ⁸superbia,
379 2600 441 2667 sed
460 2603 551 2667 bona
569 2605 873 2693 fama2faotrtque
889 2608 1043 2677 fortibus
1063 2638 1126 2681 no

173 2707 259 2770 bitis
289 2700 486 2792 ignobilem
512 2704 689 2773 anteibat:
721 2703 974 2780 humillimus
970 2713 1126 2799 quisque

176 2804 215 2878 iu
252 2803 386 2880 armis,
419 2813 477 2879 aut
509 2800 660 2881 militia,
695 2804 829 2873 nullius
868 2809 1036 2886 honestae
1070 2813 1126 2881 rei

76 2905 114 2924 '¹
181 2921 312 2989 egene,
338 2898 418 2978 ratis
443 2899 529 2976 sibi,
556 2899 707 2990 satisque
731 2903 865 2988 patriae
886 2916 972 2970 erat

272 2997 343 3060 Sed
376 2995 439 3073 ubi
472 3017 530 3060 eos
574 2994 758 3081 paullatim
798 3003 960 3088 expulsos
998 3009 1126 3098 agria,

176 3096 304 3162 inertia
328 3108 433 3178 atque
451 3092 569 3179 iuopia
591 3099 741 3175 incertas
757 3100 882 3169 domos
895 3100 1026 3169 habere
1045 3108 1128 3186 tub·

177 3194 275 3282 egit:
304 3212 454 3277 coepere
487 3193 618 3265 alienae
647 3217 731 3282 opes
750 3211 894 3284 petere,
921 3200 1126 3288 libertatem

165 3312 275 3365 ,tuam
298 3309 378 3358 eum
397 3293 592 3378 republica
598 3295 764 3378 venalem
777 3300 919 3364 habere.
947 3300 995 3365 lta
1022 3307 1128 3389 paul

27 3395 31 3399 ’
102 3459 103 3463 Ἰ
176 3389 276 3469 latim
300 3389 454 3474 populus
476 3436 486 3470 ,
512 3392 574 3474 qui
599 3393 762 3460 dominus
789 3414 880 3477 erat,
911 3408 946 3462 et
986 3404 1124 3489 cunetis

16 3480 28 3498 '‘
178 3485 342 3576 gentibus
356 3487 598 3576 imperitabat
616 3491 771 3579 dilapsus
798 3511 870 3562 est:
889 3508 923 3560 et
939 3519 1008 3582 pro
1028 3502 1137 3571 tom

171 3583 277 3652 -muui
309 3584 479 3670 imperio,
499 3589 675 3683 privatim
696 3589 767 3672 aibr
787 3596 945 3698 quisque
972 3594 1127 3679 servitiu.

166 3698 248 3787 tem
272 3683 422 3786 peperit
