2580 4492
320 236 326 252 ·
433 176 755 262 -,232'-

167 385 251 454 tu03
274 393 396 458 neque
416 376 492 461 pati
519 371 711 441 consilium
739 385 816 446 est,
847 373 960 438 ullam
978 395 1023 440 ex
1048 375 1138 440 eivi-

136 510 142 536 t
172 470 238 537 bus
262 474 431 556 praedam
454 496 542 539 esse.

123 590 144 655 7
268 567 355 636 Satis
380 572 615 658 mainerius,
635 593 726 663 quae
750 571 851 635 rabie
871 585 1052 636 eontracta
1077 584 1134 636 tn·

169 669 370 750 locavimus,
386 694 511 745 manus
533 689 761 743 conserentes
780 671 877 735 intee
893 693 932 737 33
950 668 1132 737 Romanus

173 769 375 852 exercitus,
398 784 433 836 33
457 795 552 840 arms
573 775 618 839 ab
637 771 789 840 externis
802 771 841 834 in
857 782 995 834 nosmet
1020 791 1134 836 versa.

270 866 453 933 Scelerum
482 884 524 935 et.
542 871 839 938 contumeliarum
870 869 1031 933 omnium
1051 869 1135 934 finis

167 964 227 1028 313.
258 964 421 1044 Quotum
445 970 534 1034 aden
561 971 697 1038 Sullam
720 990 793 1034 non
828 968 1007 1052 poenitet,
1035 980 1135 1032 utet

149 1061 302 1128 ‘'facts
290 1083 329 1128 333
356 1067 470 1154 gloria
485 1084 672 1150 numeret,
698 1081 795 1146 et,s
779 1067 965 1145 siliceat,
994 1065 1134 1131 avidius

173 1152 314 1227 iecetit.

176 1347 179 1352 .
270 1257 433 1347 Neque
422 1286 499 1345 Jam·
518 1267 608 1351 quid
633 1265 850 1333 existumetis
876 1264 922 1327 de
948 1263 1043 1334 ilio,
1070 1261 1137 1327 sed

175 1368 349 1442 quantum
364 1384 423 1427 vos
440 1365 616 1444 audeatis,
635 1383 866 1434 ntentans,
903 1362 994 1426 alius
1019 1362 1135 1426 alium

111 1506 124 1520 .
171 1457 374 1542 principem
409 1479 671 1553 exspectantes,
704 1475 786 1526 ante
814 1461 1034 1545 capiamini,
1057 1482 1135 1523 non

174 1555 301 1639 opibus
316 1563 410 1637 ejus,
430 1582 521 1644 quae
546 1562 669 1627 futiles
694 1575 729 1624 et
747 1571 934 1644 corruptae
951 1571 1055 1639 sunt3
1071 1559 1136 1623 sed

174 1666 286 1719 333333
301 1658 462 1741 socordia
475 1705 486 1740 ,
499 1676 606 1745 quam
626 1671 769 1746 captum
778 1657 832 1720 ire
847 1657 953 1736 licet,
972 1671 1007 1722 33
1024 1679 1135 1743 quam

172 1751 314 1833 audeat,
339 1770 409 1822 tam
435 1758 551 1823 videri
577 1759 737 1826 felicem.
771 1824 777 1844 Ι
1084 1815 1087 1821 .

182 1922 186 1926 .
271 1845 712 1939 Nam'prauer‘satettues
738 1853 1031 1930 commaculatos,
1050 1853 1134 1938 quis

173 1949 301 2019 eadem
324 1953 425 2021 333131
442 1968 500 2019 aut
516 1958 596 2040 quis
617 1979 691 2020 non
713 1954 831 2019 omnia
846 1966 1001 2027 mutata,
1027 1973 1133 2034 prae·

142 2122 150 2134 ,
173 2061 229 2111 333
246 2051 452 2143 victpriamt
478 2055 615 2118 scilicet
639 2053 789 2118 milites:
814 2074 967 2136 quorum
990 2043 1134 2138 sangui·

147 2138 244 2224 'ne,
276 2130 448 2215 Τ33333133
473 2149 692 2238 Scyrroque,
725 2151 896 2236 pessumis
921 2169 1133 2237 servorum,

175 2245 318 2313 divitiae
343 2261 464 2334 partae
489 2266 602 2329 sunt:
632 2272 696 2330 an,
721 2249 852 2333 quibus
881 2241 1104 2332 praelatus
1091 2268 1131 2310 tn

174 2346 434 2435 magistratibus
460 2332 647 2430 capiundis
674 2345 868 2425 Fusidius‚
894 2346 1025 2410 33331113
1056 2357 1130 2408 tur·

172 2445 249 2529 pis,
273 2448 450 2508 honorum
476 2445 637 2516 omnium
654 2444 1033 2509 dehonestamentum?

271 2543 397 2626 itaque
425 2564 623 2623 maxumam
647 2542 917 2607 mihifiduciatn
942 2543 1035 2627 parit
1059 2541 1131 2604 vic·
1173 2544 1179 2565 ¹

174 2650 231 2735 333
258 2644 449 2720 3333313333,
480 2642 540 2706 cui
560 2662 629 2726 per
652 2653 704 2705 tot
727 2642 871 2711 33133333
897 2654 932 2705 33
962 2640 1129 2718 labores,

173 2738 291 2817 nihii,
307 2751 673 2825 praetextyrannum,
694 2740 893 2825 quaesitum
912 2753 977 2804 333.
1076 2800 1079 2806 .

145 2920 148 2930 ,
271 2836 349 2916 Nisi
366 2837 464 2900 dorte
488 2838 715 2903 tribuniciam
735 2848 962 2923 potestatem
965 2856 1130 2900 evorsum

61 2942 67 2979 ἱ
142 2930 328 3024 ‘tpxniecti
348 2950 430 3002 sunt
455 2956 656 3020 perarma,
682 2936 861 3004 conditam
888 2959 909 3001 a
934 2936 1151 3014 majoribus

9 3026 14 3039 ’
174 3038 262 3100 suis·
296 3034 423 3119 utique
444 3037 521 3116 jura
547 3047 583 3100 et
606 3033 740 3115 iudicia
770 3021 913 3100 sibimet
943 3048 1131 3129 extorque·

136 3125 143 3143 '
174 3148 280 3199 tentz-
299 3132 440 3222 egregia
466 3133 604 3200 scilicet
624 3133 810 3212 mercede,
842 3154 953 3218 quum
977 3122 1130 3220 relegati

80 3307 83 3313 ¹
174 3230 395 3319 in·paludes
420 3247 455 3298 33
477 3232 599 3314 silvas,
626 3215 878 3305 contumeliam
905 3245 1011 3314 atque
1039 3231 1131 3312 invi·

175 3328 272 3400 diam
287 3351 395 3416 suam,
414 3327 573 3421 praemia
589 3332 701 3422 penes
721 3352 854 3420 paucos
869 3329 1131 3422 intelligerent·
