2580 4492
440 208 758 292 ...234-

99 411 104 419 ’
168 388 175 403 ’“
194 384 312 474 'neque
329 404 394 473 ego
414 387 578 453 callidam
590 388 934 470 facundiam,neque
949 381 1138 470 ingenium

194 487 237 551 ad
263 482 587 564 malefaciundum‚
614 489 776 551 exercui:
803 484 1033 549 avidissumus
1064 482 1139 565 pri·

191 596 287 650 satae
306 585 435 669 gratiae
452 573 632 650 maxumas
659 584 863 648 iuimicitias
886 604 950 665 pro
978 580 1157 666 tepuisti-3
1190 621 1194 629 ·

142 758 145 763 ,
194 707 234 748 ca
260 682 415 765 suscepi:
443 685 506 767 qui
532 685 643 748 victus
670 706 751 747 cum
770 683 833 746 illa
860 681 987 754 simul,
1025 701 1141 760 quum

193 802 301 868 egeus
332 779 469 856 alienae
497 784 597 870 opis,
632 783 734 866 plura
761 781 1145 863 mala-exspectarem

95 930 99 940 .
190 895 270 958 sos,
297 877 470 957 Quirites,
502 902 622 944 rursus
648 881 733 943 mihi
764 878 933 961 patriam,
961 875 1052 940 dens·
1078 874 1144 938 Pe·

190 979 302 1055 natis,
329 999 409 1039 cum
435 977 571 1064 ingenti
591 979 762 1066 dignitate
789 976 946 1039 dedistis.

289 1075 357 1160 Pro
377 1075 505 1157 quibus
526 1076 709 1140 beneficiis
734 1075 789 1138 vix
808 1073 886 1138 satis
906 1090 1025 1159 gratus
1043 1072 1144 1136 vide·

190 1199 247 1255 ar,
272 1175 302 1240 si
322 1170 663 1260 singulls'ar'sinr'am',
682 1195 788 1258 quam
804 1192 966 1257 nequeo,
994 1191 1144 1237 conces·

189 1274 308 1341 serim.

287 1368 377 1434 Nam
402 1371 531 1437 vita-et
555 1393 649 1442 mors
679 1377 774 1452 jura*
790 1382 938 1432 naturae
964 1388 1063 1436 sunt:
1090 1374 1145 1438 uti

190 1473 267 1536 sine
293 1471 472 1534 dedecore
501 1492 582 1533 cum
613 1469 773 1550 civibus,
800 1467 890 1531 tama
925 1483 960 1531 et
986 1471 1143 1535 fortunis

189 1571 330 1658 integer
348 1589 445 1653 agas,
471 1565 509 1628 id
535 1568 630 1630 dono
649 1568 752 1634 datur
772 1582 878 1649 atque
902 1568 1092 1651 accipitur.

288 1664 458 1730 Consules
475 1687 538 1729 nos
558 1666 713 1744 fecistis,
745 1663 920 1747 Quirites,
946 1667 1045 1730 domi
1062 1668 1140 1734 bel·

148 1773 152 1780 ’
187 1765 289 1852 lique
314 1763 593 1854 impeditissuma
618 1767 816 1862 republica.

183 1877 185 1880 ’
284 1861 447 1946 Namque
482 1861 731 1946 Imperatores
728 1845 927 1948 Hispaniae
962 1850 1138 1950 stipendi·
1152 1947 1157 1957 Ι

85 1954 88 1959 4
161 1985 260 2040 um,
280 1962 421 2038 milltes,
447 1983 561 2037 arma,
592 1963 812 2027 frumentum
839 1975 1014 2043 poscunt,
1034 1967 1135 2035 et1d

187 2081 281 2125 resc
264 2083 328 2148 co
309 2062 357 2121 lt
370 2061 565 2142 ,quoniam
585 2059 788 2126 defectione
808 2079 985 2125 sociorum
1004 2074 1042 2126 et
1056 2062 1137 2128 Ser

187 2158 270 2222 torii
296 2158 521 2253 fugansque
546 2180 652 2223 manu
672 2173 805 2223 certare
818 2174 988 2243 possunt,
1014 2182 1135 2247 neque

170 2247 290 2322 'utilia
317 2264 459 2342 parare.
517 2278 520 2287 ¹

285 2346 492 2418 Exercitus'
480 2375 520 2418 m
535 2354 615 2418 Asia
632 2355 824 2442 Ciliciaque
838 2351 934 2420 ob
899 2357 1023 2422 mmias
1046 2381 1141 2444 opes,

166 2452 401 2520 ,Mithrilasis
418 2452 582 2514 aluntur·
607 2454 816 2536 Macedonia
844 2451 950 2539 plena
974 2457 1132 2522 hostium

187 2566 256 2618 est
281 2571 349 2614 nec
373 2549 489 2616 miuus
511 2548 633 2614 Italiae
640 2552 849 2632 marituma,
876 2565 911 2613 et
933 2556 1133 2637 provincia·

186 2636 289 2718 rum}
316 2667 433 2733 quum
447 2648 590 2713 interim
607 2649 799 2739 vectigalia
813 2671 935 2737 parva,
963 2665 997 2716 et
1025 2655 1133 2721 bellis

185 2752 340 2826 incerta,
365 2749 421 2810 six
432 2746 566 2832 partem
579 2759 757 2812 sumtuum
770 2752 959 2815 sustinent:
971 2751 1027 2818 ita
1042 2755 1131 2836 clas·

82 2849 84 2853 ’
186 2864 245 2927 se,
280 2869 372 2932 quae
399 2860 610 2938 commeatus
641 2841 824 2928 urebatur,
850 2848 988 2912 minore
1022 2874 1130 2936 quam

96 2950 98 2953 ’
153 2983 155 2989 ·
187 2961 267 3014 ante
304 2946 514 3032 navigamus

282 3045 378 3110 Haec
405 3043 433 3106 si
455 3042 539 3110 dolo
564 3059 623 3111 aut
647 3044 805 3112 socordia
828 3060 943 3112 nostra
972 3059 1130 3144 contrac-

189 3157 341 3225 tasum,
366 3143 550 3213 utimonet
568 3146 639 3230 isa,
663 3144 881 3255 supplicium
905 3146 1052 3213 sumite:
1076 3148 1130 3216 siu
