<?xml version="1.0" encoding="UTF-8"?>
<!DOCTYPE html PUBLIC "-//W3C//DTD XHTML 1.0 Transitional//EN"
    "http://www.w3.org/TR/xhtml1/DTD/xhtml1-transitional.dtd">
<html xmlns="http://www.w3.org/1999/xhtml" xml:lang="en" lang="en">
 <head>
  <title>
</title>
<meta http-equiv="Content-Type" content="text/html;charset=utf-8" />
  <meta name='ocr-system' content='tesseract 3.04.00' />
  <meta name='ocr-capabilities' content='ocr_page ocr_carea ocr_par ocr_line ocrx_word'/>
</head>
<body>
  <div class='ocr_page' id='page_1' title='image "./operasmmtlichew00sallgoog_0152.png"; bbox 0 0 2580 4492; ppageno 0'>
   <div class='ocr_carea' id='block_1_1' title="bbox 553 183 941 282">
    <p class='ocr_par' dir='ltr' id='par_1_1' title="bbox 553 183 941 282">
     <span class='ocr_line' id='line_1_1' title="bbox 553 183 941 282; baseline -0.013 -22"><span class='ocrx_word' id='word_1_1' title='bbox 553 201 745 282; x_wconf 49' lang='lat' dir='ltr'>..flas</span> <span class='ocrx_word' id='word_1_2' title='bbox 821 183 941 255; x_wconf 76' lang='grc'><em>“...’</em></span> 
     </span>
    </p>
   </div>
   <div class='ocr_carea' id='block_1_2' title="bbox 148 380 1236 3911">
    <p class='ocr_par' dir='ltr' id='par_1_2' title="bbox 288 380 1234 663">
     <span class='ocr_line' id='line_1_2' title="bbox 389 380 1233 478; baseline 0.002 -22"><span class='ocrx_word' id='word_1_3' title='bbox 389 383 491 458; x_wconf 82' lang='lat' dir='ltr'>Nam</span> <span class='ocrx_word' id='word_1_4' title='bbox 511 393 574 459; x_wconf 90' lang='lat' dir='ltr'>ubi</span> <span class='ocrx_word' id='word_1_5' title='bbox 599 413 694 456; x_wconf 89' lang='lat' dir='ltr'>mare</span> <span class='ocrx_word' id='word_1_6' title='bbox 719 410 886 478; x_wconf 82' lang='lat' dir='ltr'>magnum</span> <span class='ocrx_word' id='word_1_7' title='bbox 912 408 1006 469; x_wconf 84' lang='lat' dir='ltr'>esse,</span> <span class='ocrx_word' id='word_1_8' title='bbox 1024 380 1077 457; x_wconf 58' lang='lat' dir='ltr'>&#39;‘et</span> <span class='ocrx_word' id='word_1_9' title='bbox 1099 396 1233 459; x_wconf 83' lang='lat' dir='ltr'>saevire</span> 
     </span>
     <span class='ocr_line' id='line_1_3' title="bbox 292 490 1233 579; baseline 0.003 -24"><span class='ocrx_word' id='word_1_10' title='bbox 292 497 403 558; x_wconf 81' lang='lat' dir='ltr'>ventis</span> <span class='ocrx_word' id='word_1_11' title='bbox 422 493 557 579; x_wconf 87' lang='lat' dir='ltr'>coepit,</span> <span class='ocrx_word' id='word_1_12' title='bbox 584 493 709 556; x_wconf 91' lang='lat' dir='ltr'>limum</span> <span class='ocrx_word' id='word_1_13' title='bbox 727 509 939 572; x_wconf 81' lang='lat' dir='ltr'>arenamque</span> <span class='ocrx_word' id='word_1_14' title='bbox 966 503 1095 554; x_wconf 77' lang='lat' dir='ltr'>etsaxa</span> <span class='ocrx_word' id='word_1_15' title='bbox 1109 490 1233 578; x_wconf 86' lang='lat' dir='ltr'>ingen·</span> 
     </span>
     <span class='ocr_line' id='line_1_4' title="bbox 288 586 1234 663; baseline -0.007 -10"><span class='ocrx_word' id='word_1_16' title='bbox 288 592 335 656; x_wconf 87' lang='lat' dir='ltr'>tia</span> <span class='ocrx_word' id='word_1_17' title='bbox 355 593 480 657; x_wconf 85' lang='lat' dir='ltr'>fluetus</span> <span class='ocrx_word' id='word_1_18' title='bbox 502 594 658 657; x_wconf 77' lang='lat' dir='ltr'>trahuntr</span> <span class='ocrx_word' id='word_1_19' title='bbox 678 590 724 663; x_wconf 82' lang='lat' dir='ltr'>ita</span> <span class='ocrx_word' id='word_1_20' title='bbox 749 586 857 651; x_wconf 82' lang='lat' dir='ltr'>facies</span> <span class='ocrx_word' id='word_1_21' title='bbox 872 589 1031 651; x_wconf 81' lang='lat' dir='ltr'>locorum</span> <span class='ocrx_word' id='word_1_22' title='bbox 1051 609 1130 652; x_wconf 84' lang='lat' dir='ltr'>oum</span> <span class='ocrx_word' id='word_1_23' title='bbox 1150 612 1234 654; x_wconf 84' lang='lat' dir='ltr'>ven.</span> 
     </span>
    </p>

    <p class='ocr_par' dir='ltr' id='par_1_3' title="bbox 202 683 1231 778">
     <span class='ocr_line' id='line_1_5' title="bbox 202 683 1231 778; baseline 0 -26"><span class='ocrx_word' id='word_1_24' title='bbox 202 724 208 733; x_wconf 93' lang='lat'><em>·</em></span> <span class='ocrx_word' id='word_1_25' title='bbox 248 743 251 746; x_wconf 93' lang='lat'>.</span> <span class='ocrx_word' id='word_1_26' title='bbox 286 690 329 756; x_wconf 88' lang='lat' dir='ltr'>tis</span> <span class='ocrx_word' id='word_1_27' title='bbox 350 692 455 755; x_wconf 88' lang='lat' dir='ltr'>simul</span> <span class='ocrx_word' id='word_1_28' title='bbox 475 701 638 752; x_wconf 84' lang='lat' dir='ltr'>mutatur.</span> <span class='ocrx_word' id='word_1_29' title='bbox 660 683 795 771; x_wconf 75' lang='lat' dir='ltr'>(syrtes,</span> <span class='ocrx_word' id='word_1_30' title='bbox 808 684 850 747; x_wconf 90' lang='lat' dir='ltr'>ab</span> <span class='ocrx_word' id='word_1_31' title='bbox 870 699 982 749; x_wconf 86' lang='lat' dir='ltr'>tractu</span> <span class='ocrx_word' id='word_1_32' title='bbox 1001 688 1231 778; x_wconf 73' lang='lat' dir='ltr'>nominatae).</span> 
     </span>
    </p>

    <p class='ocr_par' dir='ltr' id='par_1_4' title="bbox 384 783 1232 871">
     <span class='ocr_line' id='line_1_6' title="bbox 384 783 1232 871; baseline 0 -21"><span class='ocrx_word' id='word_1_33' title='bbox 384 789 466 868; x_wconf 85' lang='lat' dir='ltr'>Ejus</span> <span class='ocrx_word' id='word_1_34' title='bbox 488 786 632 850; x_wconf 85' lang='lat' dir='ltr'>civitatis</span> <span class='ocrx_word' id='word_1_35' title='bbox 648 785 770 871; x_wconf 82' lang='lat' dir='ltr'>lingua</span> <span class='ocrx_word' id='word_1_36' title='bbox 795 783 901 845; x_wconf 84' lang='lat' dir='ltr'>modo</span> <span class='ocrx_word' id='word_1_37' title='bbox 915 805 1079 849; x_wconf 81' lang='lat' dir='ltr'>conversa</span> <span class='ocrx_word' id='word_1_38' title='bbox 1099 809 1232 850; x_wconf 86' lang='lat' dir='ltr'>conuu-</span> 
     </span>
    </p>

    <p class='ocr_par' dir='ltr' id='par_1_5' title="bbox 223 879 1234 1340">
     <span class='ocr_line' id='line_1_7' title="bbox 223 879 1233 970; baseline 0 -22"><span class='ocrx_word' id='word_1_39' title='bbox 223 960 227 966; x_wconf 35' lang='grc'>,</span> <span class='ocrx_word' id='word_1_40' title='bbox 249 951 251 956; x_wconf 70' lang='grc'><em>,</em></span> <span class='ocrx_word' id='word_1_41' title='bbox 282 885 344 948; x_wconf 81' lang='lat' dir='ltr'>hio</span> <span class='ocrx_word' id='word_1_42' title='bbox 370 884 619 949; x_wconf 86' lang='lat' dir='ltr'>Numidarum:</span> <span class='ocrx_word' id='word_1_43' title='bbox 638 883 755 970; x_wconf 86' lang='lat' dir='ltr'>leges,</span> <span class='ocrx_word' id='word_1_44' title='bbox 782 879 967 964; x_wconf 71' lang='lat' dir='ltr'>cultusque</span> <span class='ocrx_word' id='word_1_45' title='bbox 984 883 1157 965; x_wconf 78' lang='lat' dir='ltr'>pleraque</span> <span class='ocrx_word' id='word_1_46' title='bbox 1171 884 1233 962; x_wconf 82' lang='lat' dir='ltr'>¹Si·</span> 
     </span>
     <span class='ocr_line' id='line_1_8' title="bbox 285 971 1233 1066; baseline 0.002 -21"><span class='ocrx_word' id='word_1_47' title='bbox 285 984 422 1046; x_wconf 88' lang='lat' dir='ltr'>donioa.</span> <span class='ocrx_word' id='word_1_48' title='bbox 450 971 548 1058; x_wconf 87' lang='lat' dir='ltr'>Quae</span> <span class='ocrx_word' id='word_1_49' title='bbox 567 1001 609 1044; x_wconf 87' lang='lat' dir='ltr'>eo</span> <span class='ocrx_word' id='word_1_50' title='bbox 629 980 769 1044; x_wconf 78' lang='lat' dir='ltr'><strong>facilius</strong></span> <span class='ocrx_word' id='word_1_51' title='bbox 786 976 1001 1057; x_wconf 87' lang='lat' dir='ltr'>retinebant,</span> <span class='ocrx_word' id='word_1_52' title='bbox 1029 983 1125 1065; x_wconf 89' lang='lat' dir='ltr'>quod</span> <span class='ocrx_word' id='word_1_53' title='bbox 1152 1006 1233 1066; x_wconf 88' lang='lat' dir='ltr'>pro·</span> 
     </span>
     <span class='ocr_line' id='line_1_9' title="bbox 286 1071 1234 1166; baseline 0.001 -25"><span class='ocrx_word' id='word_1_54' title='bbox 286 1071 345 1141; x_wconf 71' lang='lat' dir='ltr'>dul</span> <span class='ocrx_word' id='word_1_55' title='bbox 370 1079 444 1142; x_wconf 88' lang='lat' dir='ltr'>ab</span> <span class='ocrx_word' id='word_1_56' title='bbox 435 1080 584 1162; x_wconf 78' lang='lat' dir='ltr'>imperio</span> <span class='ocrx_word' id='word_1_57' title='bbox 606 1079 699 1166; x_wconf 84' lang='lat' dir='ltr'>regis</span> <span class='ocrx_word' id='word_1_58' title='bbox 725 1090 871 1142; x_wconf 85' lang='lat' dir='ltr'>aetatem</span> <span class='ocrx_word' id='word_1_59' title='bbox 891 1077 1049 1164; x_wconf 81' lang='lat' dir='ltr'>agebant.</span> <span class='ocrx_word' id='word_1_60' title='bbox 1078 1079 1172 1144; x_wconf 84' lang='lat' dir='ltr'><strong>Inter</strong></span> <span class='ocrx_word' id='word_1_61' title='bbox 1189 1081 1234 1142; x_wconf 90' lang='lat' dir='ltr'>il-</span> 
     </span>
     <span class='ocr_line' id='line_1_10' title="bbox 287 1173 1234 1296; baseline 0.003 -58"><span class='ocrx_word' id='word_1_62' title='bbox 287 1176 340 1239; x_wconf 91' lang='lat' dir='ltr'>los</span> <span class='ocrx_word' id='word_1_63' title='bbox 357 1191 390 1239; x_wconf 88' lang='lat' dir='ltr'>et</span> <span class='ocrx_word' id='word_1_64' title='bbox 412 1177 638 1285; x_wconf 77' lang='lat' dir='ltr'><strong>frequentem</strong></span> <span class='ocrx_word' id='word_1_65' title='bbox 657 1173 861 1239; x_wconf 84' lang='lat' dir='ltr'>Numidiam</span> <span class='ocrx_word' id='word_1_66' title='bbox 877 1173 982 1238; x_wconf 88' lang='lat' dir='ltr'>multi</span> <span class='ocrx_word' id='word_1_67' title='bbox 975 1177 1154 1296; x_wconf 83' lang='lat' dir='ltr'>vastique</span> <span class='ocrx_word' id='word_1_68' title='bbox 1181 1181 1234 1241; x_wconf 91' lang='lat' dir='ltr'>lo·</span> 
     </span>
     <span class='ocr_line' id='line_1_11' title="bbox 286 1276 448 1340; baseline 0.02 -3"><span class='ocrx_word' id='word_1_69' title='bbox 286 1276 319 1337; x_wconf 84' lang='lat' dir='ltr'>ci</span> <span class='ocrx_word' id='word_1_70' title='bbox 339 1289 448 1340; x_wconf 88' lang='lat' dir='ltr'>erant.</span> 
     </span>
    </p>

    <p class='ocr_par' dir='ltr' id='par_1_6' title="bbox 214 1368 1233 1655">
     <span class='ocr_line' id='line_1_12' title="bbox 214 1368 1231 1460; baseline 0.001 -23"><span class='ocrx_word' id='word_1_71' title='bbox 214 1388 257 1458; x_wconf 82' lang='lat'>79</span> <span class='ocrx_word' id='word_1_72' title='bbox 381 1373 449 1437; x_wconf 87' lang='lat' dir='ltr'>Sed</span> <span class='ocrx_word' id='word_1_73' title='bbox 475 1371 643 1453; x_wconf 87' lang='lat' dir='ltr'>quoniam</span> <span class='ocrx_word' id='word_1_74' title='bbox 669 1372 708 1434; x_wconf 89' lang='lat' dir='ltr'>in</span> <span class='ocrx_word' id='word_1_75' title='bbox 733 1368 792 1437; x_wconf 87' lang='lat' dir='ltr'>has</span> <span class='ocrx_word' id='word_1_76' title='bbox 813 1372 973 1460; x_wconf 79' lang='lat' dir='ltr'>regiones</span> <span class='ocrx_word' id='word_1_77' title='bbox 994 1392 1058 1456; x_wconf 87' lang='lat' dir='ltr'>per</span> <span class='ocrx_word' id='word_1_78' title='bbox 1079 1370 1231 1458; x_wconf 89' lang='lat' dir='ltr'>Leptita-</span> 
     </span>
     <span class='ocr_line' id='line_1_13' title="bbox 281 1462 1233 1561; baseline 0.004 -29"><span class='ocrx_word' id='word_1_79' title='bbox 281 1462 412 1532; x_wconf 84' lang='lat' dir='ltr'>norum</span> <span class='ocrx_word' id='word_1_80' title='bbox 434 1468 574 1552; x_wconf 85' lang='lat' dir='ltr'>uegotia</span> <span class='ocrx_word' id='word_1_81' title='bbox 592 1470 749 1533; x_wconf 85' lang='lat' dir='ltr'>venimus</span> <span class='ocrx_word' id='word_1_82' title='bbox 758 1491 769 1545; x_wconf 87' lang='lat'>;</span> <span class='ocrx_word' id='word_1_83' title='bbox 788 1492 859 1533; x_wconf 89' lang='lat' dir='ltr'>non</span> <span class='ocrx_word' id='word_1_84' title='bbox 880 1471 1068 1561; x_wconf 71' lang='lat' dir='ltr'>iudignum</span> <span class='ocrx_word' id='word_1_85' title='bbox 1094 1472 1233 1536; x_wconf 87' lang='lat' dir='ltr'>videtur</span> 
     </span>
     <span class='ocr_line' id='line_1_14' title="bbox 282 1565 1233 1655; baseline 0.004 -28"><span class='ocrx_word' id='word_1_86' title='bbox 282 1569 594 1655; x_wconf 84' lang='lat' dir='ltr'>egregium-atque</span> <span class='ocrx_word' id='word_1_87' title='bbox 619 1565 781 1629; x_wconf 88' lang='lat' dir='ltr'>mirabile</span> <span class='ocrx_word' id='word_1_88' title='bbox 807 1566 942 1630; x_wconf 84' lang='lat' dir='ltr'>facinus</span> <span class='ocrx_word' id='word_1_89' title='bbox 974 1569 1126 1631; x_wconf 83' lang='lat' dir='ltr'>duorum</span> <span class='ocrx_word' id='word_1_90' title='bbox 1152 1569 1233 1631; x_wconf 86' lang='lat' dir='ltr'>Car·</span> 
     </span>
    </p>

    <p class='ocr_par' dir='ltr' id='par_1_7' title="bbox 253 1662 1234 2239">
     <span class='ocr_line' id='line_1_15' title="bbox 253 1662 1232 1752; baseline 0.001 -25"><span class='ocrx_word' id='word_1_91' title='bbox 253 1747 256 1752; x_wconf 19' lang='lat'>¹</span> <span class='ocrx_word' id='word_1_92' title='bbox 281 1664 543 1752; x_wconf 74' lang='lat' dir='ltr'>maginiensum</span> <span class='ocrx_word' id='word_1_93' title='bbox 561 1685 766 1732; x_wconf 86' lang='lat' dir='ltr'>memorare.</span> <span class='ocrx_word' id='word_1_94' title='bbox 794 1662 879 1728; x_wconf 87' lang='lat' dir='ltr'>Eam</span> <span class='ocrx_word' id='word_1_95' title='bbox 898 1683 972 1728; x_wconf 85' lang='lat' dir='ltr'>rem</span> <span class='ocrx_word' id='word_1_96' title='bbox 990 1664 1090 1732; x_wconf 86' lang='lat' dir='ltr'>locus</span> <span class='ocrx_word' id='word_1_97' title='bbox 1111 1667 1232 1728; x_wconf 88' lang='lat' dir='ltr'>admo·</span> 
     </span>
     <span class='ocr_line' id='line_1_16' title="bbox 280 1759 1230 1851; baseline 0.005 -27"><span class='ocrx_word' id='word_1_98' title='bbox 280 1764 372 1843; x_wconf 75' lang='lat' dir='ltr'>nuit,</span> <span class='ocrx_word' id='word_1_99' title='bbox 397 1765 472 1842; x_wconf 87' lang='lat' dir='ltr'>Qua</span> <span class='ocrx_word' id='word_1_100' title='bbox 490 1773 694 1845; x_wconf 80' lang='lat' dir='ltr'>tempestate</span> <span class='ocrx_word' id='word_1_101' title='bbox 718 1759 1020 1850; x_wconf 75' lang='lat' dir='ltr'>Carthaginienses</span> <span class='ocrx_word' id='word_1_102' title='bbox 1036 1762 1230 1851; x_wconf 81' lang='lat' dir='ltr'>pleraeque</span> 
     </span>
     <span class='ocr_line' id='line_1_17' title="bbox 281 1857 1234 1948; baseline -0.007 -23"><span class='ocrx_word' id='word_1_103' title='bbox 281 1861 425 1929; x_wconf 84' lang='lat' dir='ltr'>Africae</span> <span class='ocrx_word' id='word_1_104' title='bbox 450 1861 716 1945; x_wconf 85' lang='lat' dir='ltr'>imperitabant,</span> <span class='ocrx_word' id='word_1_105' title='bbox 743 1857 958 1944; x_wconf 78' lang='lat' dir='ltr'>Cyrenenses</span> <span class='ocrx_word' id='word_1_106' title='bbox 977 1881 1120 1946; x_wconf 85' lang='lat' dir='ltr'>quoque</span> <span class='ocrx_word' id='word_1_107' title='bbox 1138 1882 1234 1948; x_wconf 79' lang='lat' dir='ltr'>mag.</span> 
     </span>
     <span class='ocr_line' id='line_1_18' title="bbox 279 1942 1234 2046; baseline 0 -23"><span class='ocrx_word' id='word_1_108' title='bbox 279 1960 320 2023; x_wconf 90' lang='lat' dir='ltr'>ni</span> <span class='ocrx_word' id='word_1_109' title='bbox 345 1976 450 2046; x_wconf 88' lang='lat' dir='ltr'>atque</span> <span class='ocrx_word' id='word_1_110' title='bbox 477 1942 638 2042; x_wconf 74' lang='lat' dir='ltr'>opulenti</span> <span class='ocrx_word' id='word_1_111' title='bbox 659 1959 784 2021; x_wconf 58' lang='lat' dir='ltr'>suere,</span> <span class='ocrx_word' id='word_1_112' title='bbox 805 1959 956 2045; x_wconf 76' lang='lat' dir='ltr'>Ager&#39;in</span> <span class='ocrx_word' id='word_1_113' title='bbox 974 1957 1092 2020; x_wconf 87' lang='lat' dir='ltr'>medio</span> <span class='ocrx_word' id='word_1_114' title='bbox 1111 1980 1234 2023; x_wconf 87' lang='lat' dir='ltr'>areno-</span> 
     </span>
     <span class='ocr_line' id='line_1_19' title="bbox 281 2055 1230 2139; baseline 0 -15"><span class='ocrx_word' id='word_1_115' title='bbox 281 2079 360 2135; x_wconf 78' lang='lat' dir='ltr'>sua,</span> <span class='ocrx_word' id='word_1_116' title='bbox 385 2076 468 2121; x_wconf 88' lang='lat' dir='ltr'>una</span> <span class='ocrx_word' id='word_1_117' title='bbox 488 2057 628 2138; x_wconf 88' lang='lat' dir='ltr'>specie·</span> <span class='ocrx_word' id='word_1_118' title='bbox 655 2075 771 2136; x_wconf 85' lang='lat' dir='ltr'>neque</span> <span class='ocrx_word' id='word_1_119' title='bbox 796 2055 953 2131; x_wconf 87' lang='lat' dir='ltr'>flumen,</span> <span class='ocrx_word' id='word_1_120' title='bbox 987 2076 1105 2139; x_wconf 87' lang='lat' dir='ltr'>neque</span> <span class='ocrx_word' id='word_1_121' title='bbox 1129 2079 1230 2124; x_wconf 90' lang='lat' dir='ltr'>mons</span> 
     </span>
     <span class='ocr_line' id='line_1_20' title="bbox 280 2151 1231 2239; baseline 0.003 -21"><span class='ocrx_word' id='word_1_122' title='bbox 280 2167 377 2235; x_wconf 90' lang='lat' dir='ltr'>erat,</span> <span class='ocrx_word' id='word_1_123' title='bbox 392 2151 455 2239; x_wconf 91' lang='lat' dir='ltr'>qui</span> <span class='ocrx_word' id='word_1_124' title='bbox 476 2154 554 2217; x_wconf 87' lang='lat' dir='ltr'>finis</span> <span class='ocrx_word' id='word_1_125' title='bbox 575 2173 698 2216; x_wconf 88' lang='lat' dir='ltr'>eorum</span> <span class='ocrx_word' id='word_1_126' title='bbox 714 2151 953 2228; x_wconf 56' lang='lat' dir='ltr'>discernerem</span> <span class='ocrx_word' id='word_1_127' title='bbox 980 2175 1069 2236; x_wconf 90' lang='lat' dir='ltr'>quae</span> <span class='ocrx_word' id='word_1_128' title='bbox 1094 2176 1147 2218; x_wconf 89' lang='lat' dir='ltr'>res</span> <span class='ocrx_word' id='word_1_129' title='bbox 1172 2177 1231 2222; x_wconf 84' lang='lat' dir='ltr'>eos</span> 
     </span>
    </p>

    <p class='ocr_par' dir='ltr' id='par_1_8' title="bbox 213 2248 1232 2432">
     <span class='ocr_line' id='line_1_21' title="bbox 213 2248 1231 2341; baseline 0.006 -31"><span class='ocrx_word' id='word_1_130' title='bbox 213 2307 216 2310; x_wconf 84' lang='grc'><strong>,</strong></span> <span class='ocrx_word' id='word_1_131' title='bbox 280 2255 321 2316; x_wconf 90' lang='lat' dir='ltr'>iu</span> <span class='ocrx_word' id='word_1_132' title='bbox 345 2275 471 2341; x_wconf 83' lang='lat' dir='ltr'>magno</span> <span class='ocrx_word' id='word_1_133' title='bbox 498 2251 666 2314; x_wconf 82' lang='lat' dir='ltr'>diuturno</span> <span class='ocrx_word' id='word_1_134' title='bbox 689 2248 821 2311; x_wconf 86' lang='lat' dir='ltr'>bello</span> <span class='ocrx_word' id='word_1_135' title='bbox 811 2251 1108 2315; x_wconf 86' lang='lat' dir='ltr'>tatersehabuit.</span> <span class='ocrx_word' id='word_1_136' title='bbox 1135 2251 1231 2318; x_wconf 88' lang='lat' dir='ltr'>Post·</span> 
     </span>
     <span class='ocr_line' id='line_1_22' title="bbox 282 2343 1232 2432; baseline 0.003 -20"><span class='ocrx_word' id='word_1_137' title='bbox 282 2372 387 2432; x_wconf 90' lang='lat' dir='ltr'>quam</span> <span class='ocrx_word' id='word_1_138' title='bbox 421 2351 599 2432; x_wconf 87' lang='lat' dir='ltr'>utrimque</span> <span class='ocrx_word' id='word_1_139' title='bbox 634 2348 823 2432; x_wconf 86' lang='lat' dir='ltr'>legiones,</span> <span class='ocrx_word' id='word_1_140' title='bbox 860 2343 945 2411; x_wconf 90' lang='lat' dir='ltr'>item</span> <span class='ocrx_word' id='word_1_141' title='bbox 978 2349 1103 2415; x_wconf 83' lang='lat' dir='ltr'>classes</span> <span class='ocrx_word' id='word_1_142' title='bbox 1133 2351 1232 2416; x_wconf 83' lang='lat' dir='ltr'>fusae</span> 
     </span>
    </p>

    <p class='ocr_par' dir='ltr' id='par_1_9' title="bbox 260 2444 1233 2531">
     <span class='ocr_line' id='line_1_23' title="bbox 260 2444 1233 2531; baseline 0.006 -26"><span class='ocrx_word' id='word_1_143' title='bbox 260 2449 516 2531; x_wconf 65' lang='lat' dir='ltr'>lugensque,</span> <span class='ocrx_word' id='word_1_144' title='bbox 544 2461 578 2513; x_wconf 84' lang='lat' dir='ltr'>et</span> <span class='ocrx_word' id='word_1_145' title='bbox 606 2444 707 2510; x_wconf 86' lang='lat' dir='ltr'>alteri</span> <span class='ocrx_word' id='word_1_146' title='bbox 730 2445 856 2508; x_wconf 87' lang='lat' dir='ltr'>alteros</span> <span class='ocrx_word' id='word_1_147' title='bbox 879 2445 1100 2530; x_wconf 84' lang='lat' dir='ltr'>aliquantum</span> <span class='ocrx_word' id='word_1_148' title='bbox 1126 2451 1233 2514; x_wconf 86' lang='lat' dir='ltr'>adtri-</span> 
     </span>
    </p>

    <p class='ocr_par' dir='ltr' id='par_1_10' title="bbox 280 2543 1234 3099">
     <span class='ocr_line' id='line_1_24' title="bbox 282 2543 1232 2631; baseline 0.002 -23"><span class='ocrx_word' id='word_1_149' title='bbox 282 2555 429 2624; x_wconf 78' lang='lat' dir='ltr'>verant3</span> <span class='ocrx_word' id='word_1_150' title='bbox 456 2543 582 2620; x_wconf 82' lang='lat' dir='ltr'>veriti,</span> <span class='ocrx_word' id='word_1_151' title='bbox 610 2564 655 2606; x_wconf 89' lang='lat' dir='ltr'>ne</span> <span class='ocrx_word' id='word_1_152' title='bbox 679 2563 759 2606; x_wconf 84' lang='lat' dir='ltr'>mox</span> <span class='ocrx_word' id='word_1_153' title='bbox 785 2543 897 2631; x_wconf 78' lang='lat' dir='ltr'>victos</span> <span class='ocrx_word' id='word_1_154' title='bbox 922 2545 1141 2631; x_wconf 84' lang='lat' dir='ltr'>victoresque</span> <span class='ocrx_word' id='word_1_155' title='bbox 1169 2547 1232 2610; x_wconf 90' lang='lat' dir='ltr'>de·</span> 
     </span>
     <span class='ocr_line' id='line_1_25' title="bbox 280 2642 1233 2731; baseline 0.005 -28"><span class='ocrx_word' id='word_1_156' title='bbox 280 2642 496 2707; x_wconf 85' lang='lat' dir='ltr'>fessos&#39;alius</span> <span class='ocrx_word' id='word_1_157' title='bbox 516 2643 786 2730; x_wconf 79' lang='lat' dir='ltr'>adgrederetur,</span> <span class='ocrx_word' id='word_1_158' title='bbox 808 2664 876 2726; x_wconf 84' lang='lat' dir='ltr'>per</span> <span class='ocrx_word' id='word_1_159' title='bbox 896 2642 1055 2710; x_wconf 76' lang='lat' dir='ltr'>indusias</span> <span class='ocrx_word' id='word_1_160' title='bbox 1073 2646 1233 2731; x_wconf 84' lang='lat' dir='ltr'>sponsio·</span> 
     </span>
     <span class='ocr_line' id='line_1_26' title="bbox 280 2739 1233 2827; baseline 0.004 -23"><span class='ocrx_word' id='word_1_161' title='bbox 280 2761 363 2809; x_wconf 86' lang='lat' dir='ltr'>uem</span> <span class='ocrx_word' id='word_1_162' title='bbox 390 2741 542 2820; x_wconf 80' lang='lat' dir='ltr'>faoiunt,</span> <span class='ocrx_word' id='word_1_163' title='bbox 580 2740 631 2802; x_wconf 87' lang='lat' dir='ltr'>uti</span> <span class='ocrx_word' id='word_1_164' title='bbox 657 2751 753 2802; x_wconf 82' lang='lat' dir='ltr'>certo</span> <span class='ocrx_word' id='word_1_165' title='bbox 780 2739 838 2803; x_wconf 87' lang='lat' dir='ltr'>die</span> <span class='ocrx_word' id='word_1_166' title='bbox 866 2742 973 2827; x_wconf 86' lang='lat' dir='ltr'>legati</span> <span class='ocrx_word' id='word_1_167' title='bbox 1001 2744 1104 2807; x_wconf 88' lang='lat' dir='ltr'>domo</span> <span class='ocrx_word' id='word_1_168' title='bbox 1125 2745 1233 2827; x_wconf 90' lang='lat' dir='ltr'>profi-</span> 
     </span>
     <span class='ocr_line' id='line_1_27' title="bbox 283 2837 1234 2919; baseline 0.002 -15"><span class='ocrx_word' id='word_1_169' title='bbox 283 2840 529 2917; x_wconf 82' lang='lat' dir='ltr'>ciscerentur;</span> <span class='ocrx_word' id='word_1_170' title='bbox 567 2839 636 2919; x_wconf 85' lang='lat' dir='ltr'>q&#39;uo</span> <span class='ocrx_word' id='word_1_171' title='bbox 671 2839 709 2899; x_wconf 91' lang='lat' dir='ltr'>in</span> <span class='ocrx_word' id='word_1_172' title='bbox 738 2839 818 2901; x_wconf 87' lang='lat' dir='ltr'>loon</span> <span class='ocrx_word' id='word_1_173' title='bbox 847 2837 939 2902; x_wconf 88' lang='lat' dir='ltr'>inter</span> <span class='ocrx_word' id='word_1_174' title='bbox 964 2862 1000 2904; x_wconf 90' lang='lat' dir='ltr'>so</span> <span class='ocrx_word' id='word_1_175' title='bbox 1028 2839 1122 2904; x_wconf 89' lang='lat' dir='ltr'>obvii</span> <span class='ocrx_word' id='word_1_176' title='bbox 1148 2842 1234 2909; x_wconf 84' lang='lat' dir='ltr'>fuis-</span> 
     </span>
     <span class='ocr_line' id='line_1_28' title="bbox 283 2934 1233 3050; baseline 0.003 -50"><span class='ocrx_word' id='word_1_177' title='bbox 283 2951 381 3010; x_wconf 83' lang='lat' dir='ltr'>sent,</span> <span class='ocrx_word' id='word_1_178' title='bbox 409 2939 437 3001; x_wconf 89' lang='lat' dir='ltr'>is</span> <span class='ocrx_word' id='word_1_179' title='bbox 470 2935 665 3000; x_wconf 83' lang='lat' dir='ltr'>communis</span> <span class='ocrx_word' id='word_1_180' title='bbox 697 2934 882 3030; x_wconf 84' lang='lat' dir='ltr'>utriusque</span> <span class='ocrx_word' id='word_1_181' title='bbox 913 2939 1039 3022; x_wconf 90' lang='lat' dir='ltr'>populi</span> <span class='ocrx_word' id='word_1_182' title='bbox 1062 2940 1140 3050; x_wconf 81' lang='lat' dir='ltr'>finis</span> <span class='ocrx_word' id='word_1_183' title='bbox 1171 2943 1233 3004; x_wconf 76' lang='lat' dir='ltr'>hd·</span> 
     </span>
     <span class='ocr_line' id='line_1_29' title="bbox 282 3037 1087 3117; baseline -0.009 -19"><span class='ocrx_word' id='word_1_184' title='bbox 282 3037 441 3117; x_wconf 83' lang='lat' dir='ltr'>beretur.</span> <span class='ocrx_word' id='word_1_185' title='bbox 1085 3087 1087 3091; x_wconf 13' lang='grc' dir='ltr'><em>Α</em></span> 
     </span>
    </p>

    <p class='ocr_par' dir='ltr' id='par_1_11' title="bbox 381 3130 1233 3225">
     <span class='ocr_line' id='line_1_30' title="bbox 381 3130 1233 3225; baseline 0.007 -31"><span class='ocrx_word' id='word_1_186' title='bbox 381 3133 492 3218; x_wconf 88' lang='lat' dir='ltr'>Igitur</span> <span class='ocrx_word' id='word_1_187' title='bbox 518 3130 723 3219; x_wconf 86' lang='lat' dir='ltr'>Carthagine</span> <span class='ocrx_word' id='word_1_188' title='bbox 750 3131 821 3195; x_wconf 89' lang='lat' dir='ltr'>duo</span> <span class='ocrx_word' id='word_1_189' title='bbox 835 3219 840 3225; x_wconf 9' lang='grc' dir='ltr'>ζ</span> <span class='ocrx_word' id='word_1_190' title='bbox 853 3133 988 3202; x_wconf 77' lang='lat' dir='ltr'>fratros</span> <span class='ocrx_word' id='word_1_191' title='bbox 1004 3135 1118 3207; x_wconf 88' lang='lat' dir='ltr'>missi,</span> <span class='ocrx_word' id='word_1_192' title='bbox 1152 3137 1233 3222; x_wconf 88' lang='lat' dir='ltr'>qui-</span> 
     </span>
    </p>

    <p class='ocr_par' dir='ltr' id='par_1_12' title="bbox 217 3223 1233 3317">
     <span class='ocr_line' id='line_1_31' title="bbox 217 3223 1233 3317; baseline 0.007 -24"><span class='ocrx_word' id='word_1_193' title='bbox 217 3223 233 3256; x_wconf 61' lang='lat'><em>*</em></span> <span class='ocrx_word' id='word_1_194' title='bbox 281 3230 349 3294; x_wconf 87' lang='lat' dir='ltr'>bus</span> <span class='ocrx_word' id='word_1_195' title='bbox 376 3251 505 3293; x_wconf 86' lang='lat' dir='ltr'>nomen</span> <span class='ocrx_word' id='word_1_196' title='bbox 531 3227 707 3293; x_wconf 87' lang='lat' dir='ltr'>Philaenis</span> <span class='ocrx_word' id='word_1_197' title='bbox 726 3245 818 3309; x_wconf 90' lang='lat' dir='ltr'>erat,</span> <span class='ocrx_word' id='word_1_198' title='bbox 835 3246 1050 3295; x_wconf 85' lang='lat' dir='ltr'>maturavere</span> <span class='ocrx_word' id='word_1_199' title='bbox 1067 3235 1134 3296; x_wconf 86' lang='lat' dir='ltr'>iter</span> <span class='ocrx_word' id='word_1_200' title='bbox 1148 3257 1233 3317; x_wconf 66' lang='lat' dir='ltr'>per⁴</span> 
     </span>
    </p>

    <p class='ocr_par' dir='ltr' id='par_1_13' title="bbox 233 3310 1236 3613">
     <span class='ocr_line' id='line_1_32' title="bbox 233 3310 1232 3425; baseline 0.008 -36"><span class='ocrx_word' id='word_1_201' title='bbox 233 3350 237 3360; x_wconf 69' lang='lat'><strong><em>¹</em></strong></span> <span class='ocrx_word' id='word_1_202' title='bbox 284 3348 385 3416; x_wconf 85' lang='lat' dir='ltr'>gere:</span> <span class='ocrx_word' id='word_1_203' title='bbox 412 3310 628 3412; x_wconf 74' lang='lat' dir='ltr'>Cyrenenses</span> <span class='ocrx_word' id='word_1_204' title='bbox 660 3329 792 3392; x_wconf 87' lang='lat' dir='ltr'>tardius</span> <span class='ocrx_word' id='word_1_205' title='bbox 812 3331 896 3392; x_wconf 88' lang='lat' dir='ltr'>iere.</span> <span class='ocrx_word' id='word_1_206' title='bbox 929 3331 968 3392; x_wconf 91' lang='lat' dir='ltr'>ld</span> <span class='ocrx_word' id='word_1_207' title='bbox 987 3333 1232 3425; x_wconf 68' lang='lat' dir='ltr'>socordiane,</span> 
     </span>
     <span class='ocr_line' id='line_1_33' title="bbox 285 3428 1235 3514; baseline 0.004 -23"><span class='ocrx_word' id='word_1_208' title='bbox 285 3450 330 3491; x_wconf 87' lang='lat' dir='ltr'>au</span> <span class='ocrx_word' id='word_1_209' title='bbox 351 3428 782 3511; x_wconf 76' lang='lat' dir='ltr'>oasu.aecid·erit,parurn</span> <span class='ocrx_word' id='word_1_210' title='bbox 803 3430 961 3514; x_wconf 80' lang='lat' dir='ltr'>cognovi.</span> <span class='ocrx_word' id='word_1_211' title='bbox 989 3428 1152 3496; x_wconf 86' lang='lat' dir='ltr'>Ceterum</span> <span class='ocrx_word' id='word_1_212' title='bbox 1177 3453 1235 3497; x_wconf 90' lang='lat' dir='ltr'>so·</span> 
     </span>
     <span class='ocr_line' id='line_1_34' title="bbox 282 3512 1236 3613; baseline 0.007 -25"><span class='ocrx_word' id='word_1_213' title='bbox 282 3524 335 3588; x_wconf 91' lang='lat' dir='ltr'>let</span> <span class='ocrx_word' id='word_1_214' title='bbox 352 3512 477 3589; x_wconf 83' lang='lat' dir='ltr'>inillis</span> <span class='ocrx_word' id='word_1_215' title='bbox 496 3527 582 3588; x_wconf 85' lang='lat' dir='ltr'>locis</span> <span class='ocrx_word' id='word_1_216' title='bbox 596 3537 788 3608; x_wconf 80' lang='lat' dir='ltr'>tempestas</span> <span class='ocrx_word' id='word_1_217' title='bbox 805 3527 899 3588; x_wconf 86' lang='lat' dir='ltr'>haud</span> <span class='ocrx_word' id='word_1_218' title='bbox 925 3547 1044 3603; x_wconf 80' lang='lat' dir='ltr'>secus,</span> <span class='ocrx_word' id='word_1_219' title='bbox 1066 3545 1171 3613; x_wconf 86' lang='lat' dir='ltr'>atque</span> <span class='ocrx_word' id='word_1_220' title='bbox 1193 3533 1236 3604; x_wconf 84' lang='lat' dir='ltr'>in</span> 
     </span>
    </p>

    <p class='ocr_par' dir='ltr' id='par_1_14' title="bbox 148 3611 1236 3911">
     <span class='ocr_line' id='line_1_35' title="bbox 148 3611 1236 3709; baseline 0.006 -26"><span class='ocrx_word' id='word_1_221' title='bbox 148 3611 152 3631; x_wconf 84' lang='lat'>&#39;</span> <span class='ocrx_word' id='word_1_222' title='bbox 234 3666 238 3674; x_wconf 85' lang='lat'>-</span> <span class='ocrx_word' id='word_1_223' title='bbox 285 3620 374 3688; x_wconf 84' lang='lat' dir='ltr'>mari</span> <span class='ocrx_word' id='word_1_224' title='bbox 394 3625 559 3693; x_wconf 82' lang='lat' dir='ltr'>rotinere.</span> <span class='ocrx_word' id='word_1_225' title='bbox 584 3622 672 3686; x_wconf 90' lang='lat' dir='ltr'>Nam</span> <span class='ocrx_word' id='word_1_226' title='bbox 691 3623 752 3686; x_wconf 89' lang='lat' dir='ltr'>ubi</span> <span class='ocrx_word' id='word_1_227' title='bbox 768 3624 919 3705; x_wconf 80' lang='lat' dir='ltr'>perlooa</span> <span class='ocrx_word' id='word_1_228' title='bbox 939 3628 1096 3709; x_wconf 85' lang='lat' dir='ltr'>aequalia</span> <span class='ocrx_word' id='word_1_229' title='bbox 1116 3643 1151 3692; x_wconf 90' lang='lat' dir='ltr'>et</span> <span class='ocrx_word' id='word_1_230' title='bbox 1167 3651 1236 3697; x_wconf 75' lang='lat' dir='ltr'>nu-</span> 
     </span>
     <span class='ocr_line' id='line_1_36' title="bbox 286 3721 1234 3809; baseline 0.011 -27"><span class='ocrx_word' id='word_1_231' title='bbox 286 3725 330 3787; x_wconf 84' lang='lat' dir='ltr'>da</span> <span class='ocrx_word' id='word_1_232' title='bbox 370 3721 590 3809; x_wconf 84' lang='lat' dir='ltr'>gignentium</span> <span class='ocrx_word' id='word_1_233' title='bbox 629 3733 750 3785; x_wconf 85' lang='lat' dir='ltr'>ventus</span> <span class='ocrx_word' id='word_1_234' title='bbox 781 3740 919 3788; x_wconf 77' lang='lat' dir='ltr'>coortus</span> <span class='ocrx_word' id='word_1_235' title='bbox 949 3746 1088 3790; x_wconf 87' lang='lat' dir='ltr'>arenam</span> <span class='ocrx_word' id='word_1_236' title='bbox 1122 3728 1234 3792; x_wconf 88' lang='lat' dir='ltr'>humo</span> 
     </span>
     <span class='ocr_line' id='line_1_37' title="bbox 286 3811 1233 3911; baseline 0.007 -27"><span class='ocrx_word' id='word_1_237' title='bbox 286 3821 492 3898; x_wconf 81' lang='lat' dir='ltr'>excitavit,</span> <span class='ocrx_word' id='word_1_238' title='bbox 506 3843 544 3884; x_wconf 88' lang='lat' dir='ltr'>ea</span> <span class='ocrx_word' id='word_1_239' title='bbox 570 3840 693 3904; x_wconf 82' lang='lat' dir='ltr'>magua</span> <span class='ocrx_word' id='word_1_240' title='bbox 722 3822 754 3883; x_wconf 88' lang='lat' dir='ltr'>vi</span> <span class='ocrx_word' id='word_1_241' title='bbox 781 3826 925 3906; x_wconf 86' lang='lat' dir='ltr'>agitata,</span> <span class='ocrx_word' id='word_1_242' title='bbox 953 3811 1010 3887; x_wconf 82' lang='lat' dir='ltr'>ora</span> <span class='ocrx_word' id='word_1_243' title='bbox 1037 3827 1233 3911; x_wconf 85' lang='lat' dir='ltr'>ooulosque</span> 
     </span>
    </p>
   </div>
   <div class='ocr_carea' id='block_1_3' title="bbox 287 3917 1236 4084">
    <p class='ocr_par' dir='ltr' id='par_1_15' title="bbox 287 3917 1236 4078">
     <span class='ocr_line' id='line_1_38' title="bbox 287 3917 1236 4027; baseline 0.008 -46"><span class='ocrx_word' id='word_1_244' title='bbox 287 3920 438 4000; x_wconf 75' lang='lat' dir='ltr'>implere</span> <span class='ocrx_word' id='word_1_245' title='bbox 456 3919 573 4027; x_wconf 63' lang='lat' dir='ltr'>polet·</span> <span class='ocrx_word' id='word_1_246' title='bbox 600 3917 646 4009; x_wconf 81' lang='lat' dir='ltr'>ita</span> <span class='ocrx_word' id='word_1_247' title='bbox 673 3936 860 4006; x_wconf 77' lang='lat' dir='ltr'>prospectu</span> <span class='ocrx_word' id='word_1_248' title='bbox 889 3920 1077 4013; x_wconf 79' lang='lat' dir='ltr'>impedito,</span> <span class='ocrx_word' id='word_1_249' title='bbox 1104 3927 1236 3988; x_wconf 84' lang='lat' dir='ltr'>morari</span> 
     </span>
     <span class='ocr_line' id='line_1_39' title="bbox 290 4014 371 4084; baseline 0.029 -8"><span class='ocrx_word' id='word_1_250' title='bbox 290 4014 371 4084; x_wconf 82' lang='lat' dir='ltr'>iter.</span> 
     </span>
    </p>
   </div>
   <div class='ocr_carea' id='block_1_4' title="bbox 0 0 1294 4492">
    <p class='ocr_par' dir='ltr' id='par_1_16' title="bbox 0 0 1294 4492">
     <span class='ocr_line' id='line_1_40' title="bbox 0 0 1294 4492; baseline 0 0"><span class='ocrx_word' id='word_1_251' title='bbox 0 0 1294 4492; x_wconf 95' lang='lat' dir='ltr'> </span> 
     </span>
    </p>
   </div>
  </div>
 </body>
</html>
