2580 4492
279 454 288 469 =
316 424 465 506 =„Vestra
484 421 656 487 beneficia
680 429 801 503 crepta
817 427 923 498 sunt,
947 426 1064 504 patres
1082 436 1169 481 con·

219 521 393 607 ycdptir
416 537 475 584 vos
502 520 541 586 in
556 540 633 591 mea
649 514 783 600 iniuria
804 515 961 602 despecti
977 515 1070 582 estis.
1219 606 1222 612 Α

320 620 440 703 „Eheu
464 639 521 684 me
538 618 723 685 miserum!
739 613 922 699 Huccine,
938 614 1089 699 Micipsa
1108 635 1169 701 pa.

224 733 300 802 „ter
308 765 320 800 ,
343 716 518 786 beneficia
540 714 680 783 evasere
706 759 718 794 ,
756 715 946 799 ustionem
969 727 1009 779 tu
1044 735 1167 798 parem

220 840 326 900 „cum
354 815 477 882 liberie
498 856 508 894 ‚
542 812 717 904 regnique
747 811 956 898 participem
974 809 1117 893 fecisti,
1137 815 1167 880 is

220 914 464 1003 „potissimum
491 910 608 1000 stirpis
631 924 712 978 tuae
728 910 917 978 exstinctor
932 911 1001 977 siet

318 1005 587 1097 „Numquamne
612 1024 697 1099 ergo
724 1005 859 1078 tamilla
873 1006 1003 1077 'nostra
1051 1009 1176 1094 quieta

219 1110 343 1195 „criti
365 1130 550 1197 semperne
574 1108 830 1198 insanguine,
854 1106 969 1192 ferro,
987 1108 1070 1194 fuga
1094 1129 1171 1172 ver·

217 1206 437 1294 „sabimuri'

241 1348 244 1355 ·
319 1307 431 1390 „Dum
450 1307 748 1399 Carthaginienses
764 1303 960 1372 incolumes
976 1305 1091 1383 fuere,
1114 1296 1171 1387 iu·

223 1426 285 1488 „re
310 1405 427 1472 omnia
451 1425 548 1473 saeva
564 1406 813 1494 'patiebamurr
838 1406 952 1470 hostes
971 1403 1014 1469 ab
1040 1406 1170 1487 latere,

220 1526 302 1586 „vos
322 1504 425 1569 amici
444 1505 589 1597 procul,
604 1525 681 1592 spes
698 1505 810 1572 omnis
828 1500 868 1566 in
884 1503 988 1568 armis
1009 1517 1093 1570 crat.

261 1670 268 1679 ,
317 1599 525 1687 „Postquam
552 1601 614 1669 illa
640 1599 746 1688 pestis
770 1606 907 1683 eiecta,
937 1601 1020 1665 lacti
1044 1624 1170 1716 pacem

220 1699 481 1787 „agitabamus.
507 1699 641 1786 quippe
672 1703 750 1786 quis
776 1698 884 1766 hostis
924 1697 1076 1779 nuilus,
1102 1699 1171 1767 nisi
1266 1765 1269 1771 .

222 1798 337 1882 „forte
364 1820 470 1884 quem
493 1796 690 1879 iussissetis

318 1898 431 1980 „Ecce
456 1911 632 1966 antemos
650 1898 838 1984 improviso
866 1898 1089 1991 iugurtha,
1078 1911 1170 1963 into·

218 1984 386 2078 „iocando
420 1997 592 2074 audacia,
619 1994 752 2059 scelere
776 2008 881 2077 atquc
905 1996 1070 2081 superbia
1091 2016 1168 2061 sese
1262 2059 1264 2065 .

218 2096 414 2177 ‚‚efferens,
439 2091 547 2155 fratre
566 2110 668 2167 meo,
686 2102 796 2174 atque
816 2091 950 2153 eodem
967 2095 1169 2176 propinquo

218 2213 305 2274 „suo
329 2189 537 2266 interfeoto‚
566 2188 721 2273 primum
746 2205 896 2277 regnum
921 2189 998 2264 ejus
1023 2188 1170 2254 sceleris

65 2295 68 2299 ’
117 2348 119 2353 ,
219 2287 300 2371 „sui
320 2288 487 2373 praedam
505 2286 612 2352 fecit:
644 2297 732 2374 post,
758 2283 812 2348 uti
835 2305 892 2349 me
919 2278 1046 2354 iisdem
1073 2285 1165 2352 dolie
1201 2326 1205 2330 ·
1239 2345 1246 2353 „

122 2389 132 2407 ⁹
219 2387 369 2471 „nequit
400 2405 544 2471 capere,
569 2383 662 2448 nihii
689 2383 825 2461 minus,
854 2403 960 2467 quam
992 2381 1086 2466 vim,
1107 2399 1168 2450 aut

217 2485 378 2568 „bellum
401 2494 668 2569 exspectantem,
694 2481 732 2546 in
756 2480 908 2566 imperio
921 2532 923 2536 .
936 2475 1070 2561 vestro,
1102 2483 1190 2550 sic·'

220 2583 296 2666 „uti
325 2583 470 2662 videtis,
496 2591 670 2646 extorrem
689 2575 820 2664 patria,
844 2578 949 2644 domo
966 2578 1110 2664 inopem
1131 2595 1169 2646 ct

93 2751 97 2759 ,
164 2697 168 2705 ’
219 2695 449 2768 „coopertum
478 2679 626 2746 miseriis
656 2675 794 2756 effecit,
824 2689 863 2742 ut
882 2672 1006 2742 ubivis
1037 2681 1169 2759 tutius‘,

221 2799 369 2864 „quam
362 2778 413 2843 in
437 2799 516 2842 meo
538 2798 649 2867 regno
664 2794 785 2840 essem.

320 2877 392 2964 „Eg
394 2900 415 2940 o
439 2875 489 2942 sic
515 2873 788 2961 existumabun,
812 2872 929 2939 Patres
953 2838 1167 2961 conscripti,
1244 2961 1248 2966 ³

90 2981 93 2989 '
128 2975 129 2980 ’
220 2987 280 3063 „ut
302 2974 564 3059 praedicantem
579 2971 778 3039 audiveram
796 2985 931 3058 patrem
946 2993 1087 3054 meum3
1104 2975 1168 3059 qui

220 3085 388 3160 „vestram
414 3069 600 3138 amicitiam
621 3068 798 3150 colerent,
824 3092 883 3136 eos
901 3065 1053 3135 muitum
1069 3071 1169 3145 labo·
1222 3064 1225 3070 ’

114 3253 118 3262 ,
206 3192 319 3258 „rem
347 3160 545 3266 suscipere:
576 3163 733 3236 ceterum
758 3189 800 3235 es
825 3168 987 3235 omnibus
1004 3189 1167 3236 maxume

221 3282 334 3354 „tutos
364 3286 449 3334 esse

321 3363 481 3451 „Quod'
470 3387 507 3430 tn
519 3365 658 3456 familia
689 3377 805 3432 nostra
832 3338 922 3442 tuit,
941 3321 1163 3452 ‘praestitit‚
1209 3420 1212 3425 .
1278 3429 1281 3441 ,

220 3467 297 3550 „uti
320 3469 360 3530 in
384 3462 567 3530 omnibus
567 3449 684 3547 ΒοΒΙίε
703 3464 799 3530 vobis
819 3465 965 3529 adesset.
1014 3460 1084 3528 Nos
1109 3465 1164 3530 uti

223 3586 309 3650 „per
343 3565 453 3629 otium
473 3556 552 3630 tuti
579 3558 717 3642 timue,
744 3563 783 3634 in
805 3573 911 3628 manu
948 3573 1056 3626 vestra
1087 3577 1160 3644 est,

223 3662 360 3746 ‚3Patres
390 3660 590 3747 conscripti.
624 3658 726 3725 'Pater
761 3682 823 3727 nos
854 3660 943 3726 duos
967 3660 1091 3726 fratres
1108 3683 1166 3726 re·

202 3749 204 3754 ’
222 3762 372 3851 „tiquitz
390 3761 799 3853 tertium,¹Jugurthatn‚
818 3758 1003 3838 beneficiis
1023 3759 1094 3833 suis
1109 3781 1164 3827 ra·
