2580 4492
353 208 375 273 ‚⁸
415 243 493 267 γ---
566 218 637 292 3οῆ
723 242 772 272 -ι-

246 382 343 463 'sd
370 401 437 465 hoc
460 398 721 485 providendum
748 411 820 477 est,
847 420 1002 480 quonam
1031 401 1154 466 modo

111 528 114 539 ¹
191 499 308 576 ltalia,
336 512 440 583 atque
462 498 662 583 provinciae
683 498 829 563 tutiores
855 498 943 563 sint:
969 501 1008 564 id
1039 501 1157 615 quud.

190 602 288 665 iactu
314 599 408 661 haud
440 599 630 662 obscurum
656 608 717 658 est
767 592 855 661 Nam
881 598 992 660 iidem
1016 600 1147 664 omnis

189 709 351 773 vastant,
378 718 455 761 suas
477 697 675 763 deserendo
701 695 843 771 domos,
870 709 904 758 et
921 717 987 781 per
1009 697 1148 776 injuri-

189 818 245 861 am
265 795 397 860 alienas
416 793 636 879 occupando.

287 894 374 955 item
387 913 453 971 ue,
479 908 517 957 ut
537 894 671 968 adhuc,
697 883 823 954 militia
847 891 975 969 injusta
991 904 1066 956 ·aut
1080 893 1148 969 ,in-

137 1024 139 1026 v
189 991 348 1074 aequalis
372 991 431 1054 siu
468 1014 578 1074 quum
604 990 665 1055 alii
691 990 851 1078 triginta,
879 1011 959 1073 pars
993 993 1149 1059 nullum

163 1094 166 1098 ’
190 1089 409 1201 stipendium
430 1087 555 1152 faciet:
581 1103 615 1152 et
641 1089 859 1152 frumentum
879 1087 934 1162 id,
965 1095 1068 1171 quod
1083 1112 1148 1154 au·

119 1232 122 1237 -
189 1201 263 1252 tea
258 1188 466 1272 praemium
486 1186 645 1275 ignaviae
672 1188 762 1264 fuit,
788 1208 853 1270 per
879 1190 1083 1270 municipia
1112 1203 1150 1254 et

188 1287 349 1350 colonias
374 1284 446 1349 illis
472 1287 556 1351 dare
582 1287 788 1363 conveniet,
815 1306 926 1369 quum
952 1287 1149 1372 stipendiis

190 1385 346 1451 emeritis
383 1384 503 1448 domos
539 1385 758 1448 reverterim.

121 1497 162 1560 13
290 1479 387 1559 Quae
415 1482 634 1567 reipublicae
657 1479 872 1557 necessaria,
894 1479 1041 1564 tibique
1068 1482 1149 1567 gio·

190 1582 283 1646 riosa
299 1594 392 1644 ratus
410 1599 508 1658 sum,
535 1601 639 1663 quam
653 1579 881 1664 paucissumis
896 1578 1044 1644 absolvi.
1067 1579 1151 1649 Non

131 1671 138 1693 ‘
191 1682 295 1766 pejus
324 1679 482 1758 videtur,
508 1701 619 1762 pauca
645 1702 742 1744 nunu
767 1680 812 1741 de
833 1674 926 1741 facto
960 1701 1045 1742 meo
1076 1679 1151 1744 dis·

194 1760 324 1847 serere:

293 1874 461 1962 Plerique
486 1874 650 1939 mortales
670 1874 714 1938 ad
738 1875 971 1955 judicandum
997 1875 1147 1940 satis'in·

195 1975 294 2067 genii
322 1975 474 2052 habent,
511 1988 569 2041 aut
597 1975 784 2039 simulant:
811 1997 932 2038 verum
971 1975 1071 2037 enim
1101 1973 1145 2038 ad

194 2073 490 2158 reprehendenda
506 2074 619 2138 aliena
631 2073 734 2150 facta,
747 2085 806 2138 aut
827 2073 934 2151 dieta,
953 2073 1057 2135 ardet
1073 2095 1147 2134 om-

193 2171 482 2247 nibus.animus';
507 2173 563 2234 vix
587 2172 666 2236 satis
699 2181 858 2256 apertum
894 2191 952 2246 os,
980 2185 1041 2234 aut
1076 2170 1146 2232 lin·

196 2293 264 2362 gua
302 2284 439 2354 promta
473 2269 638 2354 videtur,
674 2290 765 2351 quae
796 2270 962 2334 meditata
996 2280 1145 2354 pectore

197 2367 353 2449 evlolvat3
379 2368 508 2450 quibus
533 2389 589 2429 me
609 2369 809 2444 subjectum
841 2369 936 2437 haud
961 2367 1143 2451 poenitet,

170 2465 306 2551 ‘magis
342 2465 525 2528 reticuisse
551 2465 700 2553 pigeret.
750 2463 838 2529 Nam
863 2467 935 2530 sive
971 2467 1057 2543 hac,
1083 2487 1146 2530 seu

196 2564 347 2628 meliore
372 2563 439 2627 alia
461 2565 512 2626 via
533 2583 720 2650 perges3‘a
747 2586 804 2627 me
823 2565 969 2650 quidem
980 2586 1047 2648 pro
1063 2563 1147 2627 viri·

198 2663 226 2727 li
242 2672 340 2749 parte
354 2662 487 2726 dictum
508 2676 542 2740 et
559 2663 718 2740 adjutum
739 2661 860 2729 fuerit'.

269 2759 486 2844 'Reliquum
507 2772 558 2823 est
586 2772 727 2842 optare,
753 2762 822 2841 uti,
850 2781 940 2848 quae
969 2757 1038 2822 tibi
1071 2761 1152 2846 pls-
1181 2809 1188 2818 .

201 2861 359 2937 urserint,
394 2881 434 2922 ea
461 2857 513 2920 dii
552 2857 768 2927 immortales
793 2859 1013 2953 adprobent,
1039 2857 1155 2928 bene?

205 2980 276 3046 qus
297 2958 439 3024 evenire
453 2957 581 3047 sinaut.
1190 2948 1193 2954 ’
