2580 4492
462 247 513 266 ι·-
593 229 664 301 sto
716 214 770 307 -ξ

606 360 610 379 ι
647 312 695 385 ’κ
810 318 822 359 t
883 342 886 359 ¹

171 398 380 471 ,consiliat
405 412 590 488 praeterea
617 396 749 477 Dabar,
777 397 1027 486 Massugradae
1052 403 1171 482 filius,

215 524 258 566 ex
285 512 438 593 gente
416 498 644 570 Masinissae,
674 511 831 561 ceterum
855 498 1014 562 materno
1040 522 1174 588 genere

211 603 329 682 impar
373 598 473 677 (nam
506 609 606 683 pater
639 595 716 672 ejus
752 614 793 658 ert
829 592 1027 661 concubina
1076 617 1174 665 ortus

180 696 345 787 erat)
355 696 482 760 Mauro
509 694 554 758 'ob
576 692 714 779 ingenii
737 692 847 756 multa
873 688 974 758 bon'ai
991 718 1090 761 carus
1117 720 1175 762 ac·

120 826 122 833 ’
213 809 444 880 septusque.
488 813 623 878 quem
638 790 797 856 Bocchus
832 791 942 855 fidum
970 792 1177 884 (Romanis)

210 894 334 961 multis
368 898 468 958 ant'ea
493 891 758 973 tempestatibus
784 883 968 974 expertus,
1002 892 1103 958 illico
1129 895 1176 968 ad

160 985 178 1065 ,’
213 992 350 1058 Sullam
374 992 575 1055 nuntiatum
609 989 928 1073 mittit,paratum·
940 1010 1016 1055 sese
1041 991 1190 1072 facere,-

84 1134 88 1141 -
132 1150 133 1155 ,
211 1090 480 1175 quaepopulus
505 1085 693 1153 Romanus
703 1085 832 1151 vellet:
858 1088 1057 1174 colloquio
1067 1091 1179 1169 diem,

213 1189 367 1271 locum,
400 1201 539 1271 tempus
559 1184 646 1270 ipse
678 1183 879 1269 deligeret:
914 1189 1074 1277 consulta
1099 1211 1178 1256 sese

216 1288 335 1350 omnia
356 1292 437 1351 'curn
463 1286 528 1350 illo
549 1274 686 1372 integra
706 1284 858 1363 habere,
884 1307 955 1350 neu
979 1278 1178 1396 Jugurthae

215 1384 375 1470 legatum
403 1385 691 1473 pertimesceret3
720 1386 865 1447 cautum
894 1402 993 1457 esse,
1019 1408 1090 1470 quo
1118 1409 1179 1452 res

219 1484 416 1548 communis
442 1480 609 1544 licentius
634 1493 839 1564 gereretur,
864 1502 947 1558 nam
969 1484 1012 1548 ab
1037 1484 1181 1551 insidiis

206 1581 299 1662 -eius
323 1580 457 1645 aliter
462 1577 578 1644 caveri
595 1577 815 1661 nequivisse.

322 1670 397 1742 Sed
417 1699 484 1766 ego
514 1676 744 1757 comperior,
770 1664 948 1739 Bocchum
973 1679 1085 1766 magis
1113 1678 1181 1746 Pu·
1201 1710 1204 1725 ¹

218 1777 301 1842 nica
326 1777 424 1857 fide,
459 1794 563 1858 quarn
589 1773 635 1837 ob
667 1790 759 1858 quae
784 1766 1038 1859 praedicabat,
1072 1763 1180 1845 si'r'nul

219 1862 406 1943 Romanos
433 1889 467 1939 et
506 1869 696 1938 Numidam
733 1891 796 1958 spe
828 1860 925 1958 pacis
953 1874 1178 1955 adtinuisse,

219 1976 447 2058 multumque
474 1992 555 2036 curn
589 1970 706 2035 animo
731 1992 796 2039 suo
831 1970 970 2035 volvere
1001 1974 1179 2057 solitum,

220 2071 429 2159 Jugurtham
455 2067 641 2148 Romanis,
667 2091 713 2133 an
749 2069 806 2132 illi
832 2069 966 2141 Sullam
994 2076 1180 2140 traderet.
1185 2121 1188 2127 -

158 2245 162 2252 ¹
210 2169 426 2251 ,lubidinem
460 2167 646 2231 advorsum
679 2186 773 2247 nos,
817 2178 952 2290 metum
979 2193 1046 2256 pro
1073 2174 1178 2239 nobis

119 2314 122 2321 -
210 2267 378 2335 suasisse.
1052 2320 1056 2327 ,
1121 2317 1124 2322 .

43 2409 46 2413 -
123 2379 193 2454 109
323 2366 362 2428 lv
341 2367 438 2454 itur
470 2364 568 2439 Sulla
594 2363 801 2448 respondit·
837 2324 949 2447 pauca
981 2389 1030 2447 se
1056 2350 1178 2451 coram

69 2475 73 2481 ’
217 2467 354 2547 Aspare
379 2462 633 2577 loquuturum,
657 2474 774 2526 cetera
798 2463 951 2559 occulte,
970 2476 1029 2530 aut
1032 2469 1179 2553 nullo,

217 2575 278 2624 aut
302 2580 408 2645 quam
434 2560 653 2646 paucissimis
676 2555 941 2645 praesentibus,
965 2565 1072 2629 simul
1092 2567 1178 2633 edo·

217 2673 297 2736 cet,
325 2678 419 2744 quae
451 2660 795 2746 responderentur.

317 2756 532 2841 Postquam,
559 2758 663 2821 sicuti
690 2758 869 2830 voluerat,
899 2762 1098 2845 congressi,
1124 2763 1179 2827 di·

182 2928 185 2932 ,
219 2856 288 2922 cit:
314 2877 351 2922 se
377 2857 521 2920 missum
547 2876 565 2917 a
592 2852 747 2918 Consule
762 2857 898 2922 venisse
915 2860 1113 2942 quaesitum
1132 2861 1178 2928 ab

219 2977 284 3034 eo,
308 2975 461 3040 pacem,
487 2975 531 3016 an
556 2951 693 3015 bellum
721 2955 912 3040 agitaturus
937 2957 1042 3031 floret.
1081 2957 1177 3024 Tum

217 3074 292 3132 rex,
319 3052 370 3116 uti
396 3041 858 3134 praeceptum„post'diein
887 3048 1066 3119 decimum
1091 3060 1177 3122 rcd'·

218 3149 275 3213 ire
310 3150 430 3230 jubet,
464 3170 504 3220 ac
531 3150 747 3214 nihiletiam
768 3173 864 3214 nunc
879 3152 1098 3233 decrevisse
1114 3157 1179 3220 sed

219 3246 288 3311 illo
317 3249 375 3309 die
389 3264 666 3335 responsurum.
692 3245 829 3314 Deinde
855 3251 991 3315 ambo
980 3271 1020 3316 ιιι
1040 3274 1103 3343 sua
1122 3275 1178 3355 oa·

221 3357 290 3411 stra
316 3343 476 3430 digressi.
981 3379 982 3382 ¹

319 3441 387 3504 Sed
415 3444 487 3507 ubi
493 3444 709 3528 plerumque
728 3444 843 3530 noctis
861 3447 1052 3529 processit,
1078 3447 1178 3513 Sulla

221 3561 243 3611 ιι
273 3539 415 3608 Boccho
444 3541 586 3609 occulte
614 3541 828 3639 arcessitur:
853 3543 899 3610 ab
924 3548 1079 3635 utroque
1105 3558 1181 3615 tan·
