2580 4492
313 206 784 310 ⁴²·-308--

197 416 225 482 tl
249 421 319 485 sint
338 417 499 486 homines
510 419 692 487 laudando
710 427 816 512 atque
842 414 1055 495 admirando
1075 440 1153 520 mu·

196 516 415 584 nificcntiam
447 533 563 598 tuam,
611 539 719 607 quarn
749 535 785 591 ιιι
817 512 1010 594 faciendo,
1057 509 1184 602 qnae

128 635 132 644 ·
197 616 308 706 gloria
330 619 436 705 digna
463 629 590 682 essent.

295 718 473 802 Equidem
495 714 584 781 mihi
604 714 789 781 decretum
809 724 876 792 est,
903 713 997 778 nihil
1014 725 1091 794 tarn
1112 736 1154 783 ex

198 817 269 883 alto
296 816 444 902 reperiri
463 834 587 900 posse,
614 814 711 899 quod
729 808 802 876 non
822 813 990 902 cogitanti
1020 813 1092 877 tibi
1113 815 1154 879 in·

196 931 339 1001 promtu
371 916 424 980 sit.
459 912 585 996 Neque
609 934 696 1000 ego,
721 932 809 995 quae
827 913 896 977 visa
909 925 1013 988 sunt,
1029 913 1078 977 de
1094 937 1152 979 re·

159 1011 163 1019 “
195 1013 343 1101 publica
363 1011 429 1076 tibi
446 1011 591 1096 scripsi,
620 1010 702 1094 quia
727 1009 814 1074 mihi
830 1003 1027 1075 'consilium
1043 1013 1152 1098 atque

195 1112 382 1200 ingenium
396 1132 514 1178 meum
532 1109 682 1193 amplius
699 1129 812 1193 aeque
829 1109 1062 1196 probaretur3
1085 1106 1152 1202 seii

195 1212 290 1274 inter
311 1210 451 1275 labores
470 1208 636 1290 militiae,
665 1208 829 1297 interque
855 1207 1012 1294 praelia,
1040 1212 1151 1277 ricto·

195 1311 281 1385 rias3
305 1308 518 1393 imperium,
552 1305 657 1372 statui
675 1306 936 1372 admonendum
958 1319 994 1371 te
1023 1311 1071 1373 de
1085 1334 1151 1374 ne.

199 1408 302 1496 gotila
319 1408 474 1477 urbanis.
523 1394 683 1488 Namque
700 1405 767 1469 tibi
783 1405 816 1470 si·
827 1407 865 1471 id
878 1408 985 1472 modo
1006 1409 1045 1474 in
1067 1431 1150 1494 pec·

154 1517 156 1521 ‘
195 1519 272 1585 tore
299 1505 443 1575 consilii
464 1519 532 1576 est,
558 1505 655 1569 utite
682 1504 725 1568 ab
756 1503 982 1571 inimicorum
1009 1509 1153 1597 impetu-

196 1602 541 1687 vindices,.qunque
571 1602 677 1665 modo
703 1613 823 1667 contra
849 1606 1035 1670 advorsum
1065 1631 1148 1674 con·

85 1721 88 1727 ·
197 1703 311 1767 sulem
327 1703 499 1766 beneficia
515 1702 640 1786 populi
666 1699 841 1766 retineas:
864 1704 1016 1793 indigna
1040 1706 1147 1793 virtu·

136 1813 142 1824 '
197 1814 233 1864 te
260 1815 319 1872 tua
346 1803 490 1890 cogites.
538 1845 540 1848 ⁴
770 1796 771 1799 '

274 1901 360 1964 ·Sin
382 1901 417 1966 in
439 1915 473 1963 te
498 1899 560 1964 ille
582 1897 719 1960 animus
746 1908 817 1986 est,
843 1899 903 1983 qui
917 1904 987 1981 jam
1013 1902 1146 1988 aprin-

198 1998 291 2081 cipio
313 1999 505 2069 nobilitatis
527 1997 720 2062 factionem
737 1997 964 2079 disturbavit,
1001 2001 1146 2087 plebem

195 2094 386 2161 Romanam
403 2119 444 2160 ex
459 2095 554 2185 gravi
571 2093 738 2159 servitute
757 2095 795 2156 in
820 2094 1026 2167 libertatem
1047 2099 1148 2163 resti·

197 2193 283 2270 tuit,
311 2194 348 2257 in
363 2207 525 2278 praetura
551 2192 779 2258 inimicorum
798 2195 1056 2262 armainerrnis
1078 2196 1147 2262 dis·

196 2289 312 2372 jecit3
327 2293 424 2356 dorni
443 2291 665 2375 militiaeque
690 2300 784 2354 tanta
807 2303 934 2372 ettam
961 2291 1151 2382 praeclara

111 2405 113 2408 ·
194 2388 355 2456 facinora
377 2390 483 2468 iecit,
509 2389 561 2454 uti
578 2409 624 2451 ne
640 2385 779 2452 inimici
768 2387 940 2481 quidem
956 2391 1026 2457 fari
1041 2390 1147 2479 quid·

199 2506 306 2572 quam
328 2488 502 2567 audeant,
527 2484 595 2570 nisi
613 2484 658 2547 de
677 2477 952 2571 magnitudine
951 2502 1033 2563 tuas
1059 2489 1146 2575 quin

198 2584 321 2667 accipe
345 2595 384 2649 tu
389 2607 464 2671 ea,
484 2605 575 2671 qnae
594 2583 714 2648 dicam
734 2581 779 2647 de
798 2604 931 2651 summa
946 2588 1146 2674 republica

70 2757 72 2761 Ι
194 2680 296 2759 Quae
322 2682 483 2770 profecto
502 2697 560 2748 aut
584 2695 623 2747 tu
648 2702 729 2748 vera
756 2679 935 2765 invenies,
959 2699 1024 2752 aut
1051 2682 1145 2761 certe

99 2772 102 2777 ’
197 2778 298 2847 baud⁴
321 2783 483 2864 procula
506 2801 603 2856 vero,

139 2886 170 2948 ·3
294 2876 363 2940 Sed
381 2899 549 2963 quoniam
566 2875 628 2945 Cn
654 2875 840 2960 Pompeius
857 2893 916 2954 aut
941 2902 1054 2947 animi
1070 2903 1146 2968 pra·

114 3040 118 3049 ,
151 2973 325 3066 vitatc,
347 2986 406 3039 aut
432 2976 513 3068 quia
539 2976 630 3040 nihil
656 2973 795 3055 maluit,
822 3001 927 3062 quam
954 2979 1055 3069 quod
1080 2979 1147 3048 sibi

197 3074 357 3148 obesset,
383 3075 428 3137 ita
452 3075 570 3161 lapsus
597 3088 668 3152 est,
685 3083 724 3140 ut
747 3076 903 3141 hostibus
922 3077 1050 3141 telam
1078 3101 1144 3145 ma·

193 3192 260 3234 nus
293 3172 451 3250 iaceret:
471 3171 614 3254 quibus
646 3171 711 3237 ille
742 3172 865 3238 rebus
887 3174 1146 3256 rempublicam

195 3264 446 3347 conturbavit,
472 3270 606 3333 eisdem
631 3268 697 3333 tibi
721 3273 980 3362 restituendum
1007 3286 1072 3338 ett.
1151 3311 1157 3320 ·

289 3363 468 3430 Primum
475 3361 632 3432 omnium
650 3388 819 3434 summam
836 3356 1046 3454 potestatem
1072 3356 1145 3437 mo·

136 3455 162 3511 f
193 3463 344 3528 derandi
375 3464 419 3526 de
445 3465 706 3553 vectigalibus,
736 3468 934 3542 sumtibus,
970 3468 1144 3549 iudiciis,

142 3580 145 3585 ·
195 3559 414 3626 senatoribus
438 3562 559 3645 paucis
585 3561 752 3645 tradidit3
777 3563 919 3654 Plebem
939 3561 1145 3655 Romanam,

196 3662 297 3738 cujus
327 3674 427 3725 antea
454 3681 586 3726 summa
610 3662 762 3747 potestas
787 3677 889 3740 erat,
922 3661 1063 3749 nosque
1092 3667 1146 3743 his

194 3756 341 3841 quidem
371 3749 574 3845 legibusin
602 3759 767 3824 servitute
793 3760 951 3848 reliquit.
1002 3761 1145 3833 Judicta
