2580 4492
484 138 561 197 ’-·
636 151 724 260 att
786 170 835 232 ·,···
904 98 911 111 ⁸

143 335 216 416 lam
237 332 482 408 decesserunt,
508 331 681 415 omnique
698 329 781 395 odio
807 344 946 413 carent,
980 344 1015 397 et
1040 331 1204 414 inridia;

143 434 209 500 sed
234 431 403 509 nunriis,
430 429 494 516 qui
523 448 664 495 mecum
689 451 760 509 una
791 429 830 492 in
856 419 1054 516 republica*
1069 433 1206 521 versati
1221 459 1233 498 ·.

95 560 100 577 ·
144 543 248 617 sunt·
289 529 377 607 Sed,
415 528 444 593 si
479 529 616 595 fuerim.
641 541 700 595 aut
726 528 766 592 in
795 525 993 596 acroribus
1030 533 1208 615 petendis-

142 628 251 695 nimis
286 618 607 719 ambitiosus'spon
631 631 721 691 hanc
746 625 827 693 dico
857 630 1071 713 popularem
1083 629 1206 693 ambi·
1269 705 1276 727 ι

141 714 300 807 tionem,
333 729 433 807 cujus
461 745 518 790 me
542 726 742 816 principem
777 726 980 806 confiteor,.
1003 729 1069 821 aed
1096 728 1204 793 illam

141 825 380 911 perniciosam
400 837 521 890 contra
546 826 663 912 leges,
690 826 790 904 cujus
805 825 939 909 primos
959 826 1105 935 Qdines
1123 824 1202 892 Sal·

141 923 271 990 lustius
298 923 449 1008 duxit);
477 935 536 988 aut
567 923 605 988 in
634 923 800 1012 gerendis
825 918 1111 1013 magistratibus,
1141 938 1204 989 aut

141 1023 183 1086 in
199 1022 431 1098 ,vindicandis
452 1023 639 1087 maleficiis
657 1037 728 1088 tam
745 1040 916 1102 ·severus;
942 1037 1002 1089 aut
1024 1023 1076 1086 'in'
1095 1034 1204 1087 tuen·

142 1119 189 1185 da
225 1121 411 1204 republica
443 1133 512 1185 tam
539 1120 715 1209 vigilans3
755 1136 861 1204 quam
894 1135 934 1186 tu
968 1121 1202 1207 proscriptio·

141 1210 228 1283 rie'm
247 1241 369 1283 vocas:
393 1218 522 1296 credo,
549 1220 648 1303 qlrcd
673 1241 748 1283 non
772 1239 896 1284 omnes
914 1218 966 1288 tui
984 1221 1118 1285 similes
1147 1222 1211 1283 ins

87 1342 91 1351 ·
145 1319 305 1381 columes
330 1316 369 1379 in
393 1319 459 1382 hac
495 1316 583 1381 urbe
610 1318 785 1383 vixissent.
836 1321 1046 1403 At·quanto
1072 1319 1204 1382 melio·

142 1437 183 1479 re
209 1415 291 1478 loco
318 1415 521 1500 respublica
546 1430 671 1495 staret,
697 1417 798 1496 situ,
822 1438 888 1501 par
916 1440 955 1482 ac
973 1418 1099 1498 similis
1126 1437 1203 1480 sce·

143 1512 315 1578 lesrorum
342 1513 495 1592 civium,
521 1507 691 1579 unacum
717 1514 787 1585 illis
811 1500 1066 1605 adnumeratup
1093 1535 1202 1580 esses.

143 1614 203 1675 An
229 1633 293 1699 ego
317 1624 403 1676 tunc
419 1612 507 1676 falso
534 1613 678 1698 scripsi:
715 1613 846 1682 Cedant
872 1636 966 1678 arma
979 1624 1109 1701 'togae3
1137 1613 1203 1698 qui

142 1710 279 1797 togatus
329 1707 505 1788 armatos,
543 1724 577 1776 et
610 1734 697 1796 pace
731 1710 870 1776 bellu'm
905 1704 1093 1798 oppressi?
1143 1717 1202 1774 An

142 1806 238 1871 illud
274 1809 441 1896 mentitus
474 1830 578 1874 sum:
613 1813 836 1876 Fortunatam
876 1822 994 1874 natam
1025 1832 1083 1874 me
1113 1833 1203 1875 con·

143 1909 222 1971 sule
248 1903 393 1970 Romam
404 1933 422 1985 3,
442 1907 504 1993 qui
521 1921 657 1973 tantum
678 1909 884 1974 intestinum
904 1909 1066 1984 bellum,
1083 1899 1122 1987 'et
1137 1911 1201 1972 do·

142 2005 330 2070 mestlcum
355 2005 451 2071 urbis
473 2005 683 2081 incendium
718 2007 900 2072 exstinxi?
933 2005 1058 2090 Neque
1087 2019 1122 2070 te
1147 2007 1203 2071 tui
1244 2086 1247 2091 ι

142 2105 263 2190 piget,
292 2107 397 2167 bomo
428 2105 624 2183 levissime,
654 2127 765 2190 quum
792 2127 831 2170 ea
859 2096 1001 2189 culpas,
1040 2127 1131 2190 quae
1162 2105 1203 2168 in

83 2248 88 2253 -
141 2199 299 2267 historiis
328 2200 416 2265 mihi
443 2203 578 2289 gloriae
601 2203 726 2269 ducis?
750 2206 809 2269 An
827 2207 965 2288 turpius
985 2197 1052 2282 est,
1080 2203 1199 2268 Patres

144 2297 369 2382 Conscrlpti,
395 2301 610 2366 scribentem
631 2303 797 2382 mentiri,
827 2323 930 2385 quam
953 2301 1059 2365 illurn
1082 2292 1202 2386 palam

141 2400 210 2462 hcc
228 2390 580 2473 ordine-'dicentemi
606 2399 713 2479 Nam,
742 2404 840 2484 quod
865 2400 903 2463 in
918 2412 1067 2463 aetatem
1084 2401 1200 2463 incre·
1270 2410 1272 2412 ’

142 2470 422 2580 puistiztdutum
440 2520 497 2561 me
517 2497 637 2562 abesse
655 2516 740 2582 puto
759 2497 801 2586 ab
828 2497 1064 2582 impudicitia,
1086 2520 1198 2581 quan·

38 2666 42 2673 ⁴
142 2609 219 2659 tum
238 2610 274 2657 tu
296 2594 377 2658 abes
405 2594 630 2681 apudicitia.
659 2594 755 2685 Sed,
780 2595 869 2685 quid
893 2617 959 2684 ego
983 2597 1029 2660 de
1054 2608 1090 2658 te
1115 2598 1200 2680 plu·

50 2723 53 2730 ·
142 2717 180 2758 ra
199 2699 354 2779 querar?
383 2692 476 2770 Quid
501 2695 598 2759 euim
614 2694 757 2757 mentiri
779 2698 882 2780 turpe
908 2694 1108 2776 ducequui
1135 2696 1203 2758 mi·

140 2791 180 2855 hi
206 2812 308 2856 ausus
340 2790 385 2857 sis
415 2791 656 2875 eloquentiam
683 2807 723 2856 ut
744 2793 866 2857 vitium
891 2793 1071 2872 objicere?
1100 2780 1204 2870 cuins

141 2911 284 2976 semper
311 2911 445 2954 nocens
473 2887 601 2978 eguisti
624 2876 834 2976 patrocinio.
860 2892 917 2955 An
944 2891 1060 2955 ullum
1085 2891 1204 2955 existi·

140 3008 214 3053 mas
244 3009 351 3073 passe
378 2982 461 3051 lieri
488 2988 599 3052 civem
622 2990 831 3077 egregium,
850 2992 1012 3074 quianon
1039 2987 1093 3055 his
1118 2991 1205 3052 arti.
1253 3054 1256 3059 ,

140 3088 208 3152 bus
233 3099 268 3151 et
294 3085 497 3170 disciplinis
533 3088 575 3152 sit
604 3086 788 3150 eruditus?
819 3109 864 3149 an
892 3089 967 3151 ulla
999 3086 1066 3150 alia
1097 3101 1203 3172 putas

142 3205 218 3250 esse
246 3185 471 3263 rudimenta,
499 3198 534 3248 et
558 3184 776 3250 incunabula
800 3185 954 3275 virtutis,
976 3185 1104 3269 quibus
1127 3185 1203 3250 ani·

140 3284 190 3348 rui
210 3283 255 3348 ad
271 3282 410 3369 gloriae
436 3283 666 3368 cupiditatem
683 3285 849 3359 aluntur?
876 3283 945 3349 Sed
964 3283 1111 3347 minime
1131 3285 1199 3348 mi·

138 3404 220 3471 rum
247 3396 318 3455 est,
352 3377 470 3446 Patres
490 3381 709 3468 Conscripti,
737 3384 765 3446 si
783 3382 1001 3468 homc,'qui.
1015 3381 1199 3461 desidiae,

141 3504 181 3544 ac
196 3479 357 3543 luxuriae
378 3480 511 3564 plenus
533 3481 596 3560 sit,
621 3482 709 3565 haec
735 3492 902 3557 mucra,
929 3494 1033 3565 atque
1053 3480 1202 3544 inusita-

125 3596 174 3642 ›ta
194 3574 355 3643 miratur.
401 3573 511 3657 Nam,
532 3578 629 3665 quod
646 3581 709 3645 ista
729 3578 890 3645 inusitata
916 3579 1015 3644 rabie
1034 3580 1201 3661 petulauu

138 3693 193 3740 ter
217 3677 256 3743 in
289 3697 457 3761 uxorem,
484 3691 519 3742 et
553 3681 591 3741 iu
617 3677 732 3742 filiam
756 3666 871 3745 meam
896 3677 1068 3755 invasisti,
1104 3700 1200 3762 quae

140 3775 281 3841 facilius
301 3775 474 3865 mulieres
491 3796 557 3842 sea
578 3775 934 3856 viris’abstinuerunt‚
959 3797 1064 3860 quam
1083 3789 1123 3838 tu
1141 3779 1200 3840 'rit

62 3902 66 3913 ¹
96 3910 101 3921 ι
140 3896 157 3939 a
183 3875 285 3949 viris,
313 3874 392 3939 satis
421 3875 524 3938 docte
553 3896 598 3946 ac,
621 3875 733 3960 perite
757 3874 895 3968 fecisti:
916 3898 993 3951 non
1011 3861 1113 3967 elim·
1135 3897 1222 3963 me·

138 3970 281 4067 sperasti
302 3986 463 4040 mutuam
492 3973 555 4037 tibi
578 3974 723 4064 gratiam
748 3969 963 4054 relaturumj
984 3987 1022 4038 ut
1039 3971 1199 4041 vicissim
