2580 4492
127 1181 177 1257 In
204 1186 257 1255 Μ.
272 1175 463 1259 'Tullium
489 1172 728 1254 Ciceronem
754 1175 1024 1255 declamatio,
1050 1189 1184 1258 aucto·
1286 1194 1288 1199 ·

255 1324 323 1384 re,
348 1310 391 1375 nt
415 1296 616 1374 nonnullis
640 1293 804 1378 visum,
838 1293 1045 1382 Sallustio.
1146 1299 1148 1304 ’
1218 1318 1225 1383 5
1283 1344 1288 1354 ,

507 1545 806 1596 mmmm
890 1613 893 1619 .

128 1797 348 1952 Graviter,
375 1887 409 1940 et
428 1875 559 1959 iniquo
573 1875 721 1961 animo,
736 1872 925 1941 maledieta
945 1887 1004 1942 tua
1022 1886 1188 1962 paterer,
1276 1908 1278 1915 ·

128 1976 179 2040 M.
206 1973 332 2051 Tulli,
368 1973 397 2038 si
422 1987 458 2037 te
483 1975 613 2040 aeirem
640 1975 777 2055 judioio
800 1973 932 2061 magis,
960 1994 1067 2058 quam
1093 1996 1189 2055 mor·

107 2058 216 2137 ¹bo
208 2070 339 2149 animi,
373 2071 585 2157 petulantia
603 2058 760 2138 intanti.
812 2071 907 2150 Sed,
939 2095 1050 2170 quum
1079 2072 1120 2136 in
1151 2085 1191 2136 te
1280 2145 1282 2148 ¹

130 2194 250 2257 neque
266 2167 450 2234 modum
425 2191 584 2259 ,neque
607 2171 823 2239 modestiam
840 2171 954 2236 ullam
971 2147 1193 2238 animaduor-

100 2267 103 2272 ’
130 2285 189 2348 to,
215 2269 440 2355 respondebo
466 2269 552 2334 tibi:
578 2270 648 2349 uti,
669 2272 698 2338 ei
717 2293 822 2354 quarn
841 2269 1102 2335 'maledicundo
1129 2291 1191 2333 uo-

129 2370 303 2453 luptatem
321 2366 466 2453 eepisti,
492 2389 571 2434 eam
596 2370 688 2436 male
716 2368 1070 2453 audiundo'amittao.
1120 2366 1220 2437 Ubi,

111 2463 119 2558 J
135 2475 291 2552 querar?
317 2489 406 2550 quor
431 2468 643 2553 implorem,
670 2467 707 2532 P.
735 2470 773 2544 C.
800 2458 1192 2556 diripi'rempublioam
1236 2541 1238 2545 ¹

133 2570 239 2650 atque
265 2567 511 2630 audacissumo
536 2567 669 2653 cuique
696 2587 769 2633 esse
794 2566 998 2652 perfidiae?
1023 2589 1069 2631 an
1092 2567 1193 2654 apud

132 2665 310 2751 populum
335 2662 568 2743 Romanurn„
589 2665 653 2749 qui
683 2665 732 2731 ita
764 2665 1013 2755 largitionibus
1046 2685 1193 2751 oorrup·
1237 2670 1262 2750 g

133 2780 190 2851 tus
215 2777 288 2835 est,
312 2762 364 2828 uti
392 2768 470 2828 sese
494 2786 534 2840 ae
570 2765 730 2830 fortunat
754 2785 832 2831 suos
865 2763 999 2828 venalis
1033 2761 1190 2830 habeare

136 2885 180 2929 an
206 2862 302 2946 apud
329 2880 410 2939 voa,
437 2861 474 2924 Ρ.
512 2861 565 2930 (Ι.
585 2884 740 2948 quorum
760 2862 949 2928 auctoritas
975 2859 1200 2947 turpissume
1267 2899 1271 2902 ·

104 2978 107 2986 ·
136 2963 280 3046 cuique,
306 2974 341 3023 et
360 2962 653 3051 sceleratissumo,
680 2959 837 3025 ludibrio
859 2961 934 3027 estl
959 2961 1023 3024 ubi
1034 2960 1084 3024 M.
1101 2960 1135 3024 T
1137 2959 1195 3023 ul«

134 3061 204 3124 'lius
224 3061 343 3147 leges,
369 3060 504 3139 judicia
524 3051 828 3145 populi'Romani
858 3058 1045 3152 defendit,
1083 3070 1194 3142 atque
1230 3092 1233 3099 ·

137 3162 177 3222 in
203 3163 269 3220 hoo
300 3156 426 3220 ordine
451 3159 500 3223 ita
524 3161 748 3238 moderatur,
780 3159 880 3246 quasi
903 3157 1196 3242 unur‘reliquuo

138 3277 180 3322 ex
205 3254 342 3321 familia
368 3256 434 3320 nrt
473 3256 679 3334 clarissumi,
717 3246 891 3342 Seipionis
922 3255 1113 3333 Africani,
1149 3277 1192 3320 ao

75 3372 82 3385 ·
136 3377 211 3420 non
236 3355 422 3452 reptitiuu,
445 3358 596 3453 auoitue,
623 3379 662 3420 ae
687 3355 808 3442 paullo
844 3367 925 3422 ante
949 3355 1074 3424 insitus
1106 3353 1197 3418 huin

138 3453 220 3521 urbi
248 3454 342 3521 ciris.
396 3459 456 3520 An
480 3476 581 3533 vero,
611 3453 664 3528 M
689 3454 809 3535 Tulli,
831 3455 924 3520 faeta
954 3476 993 3519 ao
1020 3456 1195 3519 dictatura
1280 3486 1283 3491 ·

138 3555 287 3618 obseura
314 3557 425 3624 tunt?
449 3578 493 3625 an
524 3575 597 3619 non
622 3555 702 3618 itaa
733 3555 902 3649 pueritia
912 3552 1046 3631 vixisti,
1073 3566 1112 3616 ut
1137 3551 1194 3614 ni·

136 3652 189 3716 hil
208 3650 420 3738 flagitiosum
444 3650 586 3742 oorpori
605 3666 666 3719 tuo
692 3666 856 3737 putares,
882 3651 987 3736 quod
997 3651 1097 3717 alteri
1118 3651 1193 3713 eol·
1280 3651 1283 3655 ’

137 3717 324 3820 libuissent
358 3749 557 3832 Scilicet,
546 3767 646 3820 irtam
665 3749 931 3836 immoderatam
949 3750 1192 3835 eloquentiam

138 3851 234 3934 apud
258 3849 308 3915 Μ.
335 3845 498 3919 Pisonem
516 3874 590 3918 non
615 3849 808 3941 pudicitiae
836 3852 972 3930 jactura
999 3847 1233 3935 perdidici·

138 3949 211 4017 sttt
245 3950 369 4032 ltaque
395 3951 542 4016 minime
568 3948 767 4020 mirandum
787 3961 880 4026 est,
886 3949 914 4014 ti
945 3969 1021 4013 eam
1043 3944 1191 4035 flagitio.

139 4066 191 4111 re
203 4048 380 4129 venditor,
407 4068 512 4134 quam
536 4048 906 4163 turpissumepararti.
1007 4060 1010 4064 ⁴

902 4158 947 4216 22
985 4144 1001 4183 ²

1044 4302 1055 4347 t
