2580 4492
350 262 357 269 ·
486 271 534 286 ·-
610 181 802 333 1⁴⁸5*

296 423 486 511 ¹Postquam
512 425 729 514 Cyrenenses
745 421 927 510 aliquanto
941 422 1149 507 posteriores

204 543 240 589 se
264 524 411 606 rident,
434 538 468 590 et
499 529 545 594 ob
573 550 648 594 rem
673 519 873 608 eorruptam
900 523 996 586 domi
1019 543 1150 610 poenas

202 620 380 705 metuunt3
407 625 603 707 criminari,
628 621 929 709 Carthaginienses
955 637 1035 688 ante
1059 638 1148 689 tem.

200 741 269 806 pus
288 722 393 802 domo
410 725 603 813 digressos,
630 719 842 791 conturbare
866 742 961 787 rem:
988 723 1145 808 deniquo

200 821 318 886 omnia
342 824 468 900 malle,
495 844 600 908 quam
623 823 707 888 victi
723 817 831 891 abire.

298 919 365 983 Sed
387 942 496 1002 quum
519 921 641 986 Poeni
653 921 756 987 aliam
774 916 1052 996 conditionem,
1068 932 1144 984 tan·

85 1047 86 1050 ¹
127 1014 130 1018 ’
200 1021 381 1080 tummodo
407 1039 573 1104 aequam,
600 1032 783 1106 peterent,
812 1017 937 1082 Graeci
962 1016 1146 1114 optionem

200 1111 539 1202 Carthaginiensium
565 1117 731 1197 faciunt,
768 1116 826 1180 vel
849 1114 927 1196 illi,
955 1120 1042 1201 quos
1065 1106 1148 1181 linis

196 1212 332 1299 populo
351 1233 414 1277 suo
438 1229 629 1300 peterent,
649 1215 701 1281 ibi
725 1215 791 1280 vivi
810 1214 1062 1329 obruerentur3
1087 1213 1145 1278 vel

199 1311 323 1374 eadem
343 1313 545 1380 conditione
572 1335 668 1395 sese,
688 1335 793 1400 quem
819 1313 995 1389 inlocum
1010 1312 1144 1380 vellent

195 1403 431 1496 prooessuros.
463 1411 644 1494 Philaeni,
675 1412 879 1481 oonditione
899 1412 1063 1498 probata,¹
1090 1435 1144 1479 se·

196 1509 458 1591 quesitumque
483 1511 701 1599 reipublioae
727 1510 1056 1576 condonavere.'1ta
1074 1510 1142 1576 vivi

196 1603 326 1669 obruti.
337 1606 637 1697 Carthaginienses
654 1602 692 1672 in
713 1628 757 1672 eo
778 1607 859 1671 looo
878 1605 1054 1687 Philaenis
1071 1610 1142 1675 fra·

193 1702 306 1769 tribus
325 1728 397 1773 aras
422 1726 691 1786 oonseoravems
715 1704 848 1791 aliique
872 1704 946 1771 illis
969 1706 1142 1771 dorniho·

198 1822 303 1868 nores
332 1805 493 1872 instituti.
524 1803 628 1871 Nnuo
657 1805 800 1871 adrem
826 1803 947 1875 redeo.
1034 1836 1036 1840 ⁴

126 1905 195 1970 80,
221 1923 224 1926 ’
292 1903 476 1993 Jugnrtha
474 1918 706 1991 postquam,
738 1897 859 1968 amissa
879 1898 1022 1988 Thala,
1051 1903 1145 1969 nihil

196 2000 278 2068 satis
303 2003 442 2068 firmum
467 2019 587 2070 contra
613 2002 801 2068 Metellum
817 2013 951 2091 putat,
961 2020 1028 2084 per
1050 2007 1147 2098 mag-

196 2119 259 2164 nas
287 2099 495 2167 solitudines
513 2123 591 2164 oum
610 2095 731 2183 paucis
755 2096 960 2183 profectus,
983 2102 1147 2183 pervenit

196 2196 241 2261 ad
266 2196 451 2278 Gaetulos,
473 2218 584 2298 genus
601 2195 787 2261 hominum
811 2193 929 2258 lerum
954 2196 1151 2263 incultum«

197 2315 302 2381 que,
316 2308 350 2358 et
368 2318 411 2360 eo
437 2311 596 2382 tempore
620 2296 783 2382 ignarum
803 2291 956 2358 nominis
981 2291 1145 2374 Romani

293 2392 425 2458 Eorum
461 2391 768 2468 multitudinem
757 2412 796 2454 m
822 2411 934 2454 unum
964 2394 1078 2482 cogit·
1104 2417 1145 2460 ao

194 2474 380 2575 paullatim
404 2491 619 2557 oonsuefaoit
636 2489 777 2555 ordines
795 2488 926 2552 habere
937 2533 947 2568 ,
959 2492 1070 2585 5igna
1089 2514 1142 2558 se·

137 2611 140 2615 ·
195 2587 279 2671 qui,
316 2587 508 2673 imperium
539 2590 745 2666 observare,
771 2588 856 2652 item
874 2582 949 2652 alia
977 2590 1141 2656 militaria

192 2684 324 2750 faeere
333 2681 515 2755 Pdaeterea
534 2689 628 2778 regis
646 2687 778 2754 Booohi
797 2683 985 2770 proxumos
1003 2691 1138 2777 magnis

197 2785 424 2865 muneribus,
452 2801 486 2852 et
512 2787 702 2867 majoribus
721 2784 899 2870 promissis
919 2785 964 2850 ad
983 2789 1139 2871 studium

141 2922 147 2931 ·
192 2883 254 2973 sui'
277 2886 453 2969 perducit.
488 2887 573 2964 Quis
602 2882 821 2964 adjutoribus
839 2901 972 2970 regem
998 2887 1140 2973 adgres.

165 3070 167 3077 Ι
193 3003 272 3060 sus,
301 2978 477 3070 impellit,
512 2984 564 3047 uti
589 2983 774 3050 advorsum
795 2978 969 3047 Romanos
998 2981 1149 3059 bellum

193 3082 371 3164 suscipiat.
398 3081 437 3145 ld
461 3102 500 3145 ea
521 3085 627 3170 gratia
645 3079 790 3146 faoilius
812 3079 1030 3166 proniusque
1056 3083 1139 3162 fuit,

194 3171 292 3262 quod
318 3180 476 3245 Bocchus
504 3181 607 3246 initio
632 3182 779 3264 hujusce
803 3176 892 3242 belli
917 3177 1049 3266 legatos
1069 3177 1139 3247 Ro·
1231 3266 1232 3270 Ἰ

192 3294 305 3357 mam
323 3277 495 3360 miserat,
531 3280 657 3344 foedus
688 3293 722 3345 et
748 3274 937 3340 amicitiam
974 3266 1139 3362 petitum.

194 3373 306 3451 Quam
332 3381 406 3439 rem
426 3377 757 3464 opportunissimam
772 3374 919 3459 ,incepto
934 3371 1031 3438 bello
1052 3399 1138 3461 pau·
1211 3412 1213 3422 ·

194 3470 227 3537 oi
245 3471 520 3558 impediverant,
548 3477 645 3542 caeci
662 3471 821 3551 avaritia,
845 3473 923 3557 quis
941 3473 1057 3540 omnia
1075 3478 1151 3551 ho,

194 3583 292 3639 nesta
315 3585 418 3660 arque
438 3575 620 3666 inhonesta
642 3575 795 3642 vendere
815 3589 890 3636 mor
909 3566 994 3644 eras.
