2580 4492
518 239 816 301 ...33-

230 436 283 481 tm
310 430 344 478 et
367 414 543 502 'Turopam
569 438 664 493 esse3
696 417 758 481 sed
778 414 936 479 Africam
955 413 993 477 in
1018 414 1180 503 Europa.

226 513 277 577 Ea
300 515 380 577 bnis
403 517 508 579 babet
532 517 575 578 ab
603 516 798 579 Occidente
824 512 955 575 fretum
975 513 1183 581 murima.

226 612 274 677 ris
296 628 331 675 et
350 611 505 678 Oceani:
531 616 575 678 ab
600 628 680 677 ortu
704 615 787 677 sniis
815 608 989 674 declivem
1017 612 1181 677 latitudi-

225 730 329 777 nem:
353 733 460 794 quem
486 712 608 774 locum
629 711 876 776 Catabathmon
894 706 1034 774 incolae
1053 710 1181 793 adpel-

224 807 312 875 lant.
331 810 430 872 Mare
455 830 615 888 saevum,
631 810 909 900 importuosum
930 828 1013 894 ager
1028 808 1179 897 frugum

224 904 374 982 fertilis,
399 908 512 969 bonus
538 910 670 991 pecori,
695 905 813 972 arbori
835 903 1070 971 infecundus:
1095 929 1179 973 eae·

224 1003 285 1079 lo,
307 1000 399 1067 terr'a
422 1007 570 1089 penuria
590 1029 771 1091 aquatum.

323 1102 441 1165 Genus
476 1104 657 1167 bominum
682 1103 813 1171 salubri
838 1124 1009 1189 corpore,
1040 1101 1178 1183 selnx',

224 1200 361 1283 patiens
386 1200 567 1265 laborum:
588 1201 788 1287 ’plerosque
812 1216 974 1271 senectus
993 1197 1179 1289 dissolvit,

224 1298 294 1358 uisi
311 1298 372 1380 qui
389 1298 485 1361 ferro
507 1314 567 1365 aut
585 1301 704 1365 bestiis
721 1303 909 1369 interiere:
928 1321 1009 1363 nam
1025 1301 1188 1363 morbus.

221 1395 317 1461 haud
346 1415 449 1478 saepe
472 1394 686 1482 quemquam
707 1419 857 1482 superat.
902 1398 1043 1461 Adbuc
1060 1397 1178 1461 male·

223 1493 282 1552 fici
316 1497 455 1573 pencris
484 1497 636 1581 plurima
655 1497 830 1564 animalia.
866 1497 936 1559 Sed
956 1494 1019 1581 qui
1040 1507 1175 1563 morta·

223 1589 275 1657 les
289 1590 392 1654 initio
413 1592 572 1656 Africam
588 1596 794 1674 habuerint,
817 1597 952 1682 quique
972 1605 1093 1676 postea
1113 1613 1173 1659 ac·

226 1690 414 1765 cesserint,
441 1707 500 1757 aut
527 1694 707 1776 quomodo
726 1694 818 1761 inter
832 1716 870 1760 se
897 1690 1061 1776 permixti
1076 1690 1173 1757 sint:

222 1808 435 1871 quamquam
450 1789 494 1852 ab
512 1811 552 1854 ea
572 1791 684 1867 fama,
705 1813 795 1875 quae
806 1793 1002 1877 ‘plerosque
1018 1786 1173 1863 obtinet,
1208 1872 1214 1877 ¹

222 1885 407 1949 diversum«
428 1902 497 1951 est:
528 1903 644 1953 tamen
665 1889 716 1952 uti
739 1910 779 1954 ex
797 1891 896 1956 libris
915 1885 1077 1962 Punicis,
1103 1884 1171 1971 qui

219 1985 312 2067 regis
352 1984 560 2068 Hiempsalis
607 1988 855 2066 dicebantur,
895 1987 1170 2068 interpretatum

218 2082 321 2142 uobis
337 2096 387 2141 est
399 2101 411 2158 3
425 2083 550 2162 utique
571 2102 646 2145 rem
665 2101 739 2142 sese
755 2085 895 2158 habere,
913 2082 1067 2145 cultores
1088 2082 1168 2161 ejus

166 2242 179 2257 ,
218 2190 334 2239 terrae
361 2190 504 2258 putant,
529 2200 634 2260 quam
660 2178 888 2262 paucissumis
910 2177 1037 2244 dicam.
1065 2176 1170 2243 Cete-

218 2295 298 2337 rum
315 2274 401 2337 fides
420 2277 496 2352 ejus
515 2277 569 2337 rei
584 2296 696 2361 penes
712 2291 870 2340 auctores
894 2274 974 2347 erit,

315 2372 475 2441 Africam
507 2374 609 2437 initio
627 2373 783 2438 habuere
803 2374 943 2438 Gaetuli
962 2385 996 2434 et
1015 2368 1166 2456 Libyes,

218 2470 350 2554 asperi,
377 2470 529 2547 inculti;
550 2473 631 2553 quis
656 2471 757 2537 cibus
780 2486 852 2536 erat
873 2492 955 2536 carn
979 2468 1095 2538 ferina
1115 2484 1169 2560 atq

217 2588 288 2651 que
319 2568 416 2630 humi
444 2571 632 2655 pabulum,
660 2570 713 2633 uti
738 2570 939 2657 pecoribus.
971 2565 1016 2628 Hi
1041 2587 1164 2657 neque

214 2665 402 2750 moribus}
433 2688 551 2753 neque
577 2669 681 2756 lege,
705 2689 823 2754 neque
856 2665 1006 2752 imperio
1043 2668 1165 2745 cujus·

215 2784 320 2847 quam
345 2766 582 2853 regebantur:
605 2768 703 2856 uagi,
727 2770 907 2857 palantes,
927 2785 994 2859 qua
1014 2785 1083 2832 nox
1101 2783 1163 2835 coz

213 2868 356 2949 iggerat,
379 2864 480 2931 sedes
502 2863 687 2933 habebant.

310 2959 380 3029 Sed
402 2975 586 3047 postquam
601 2964 639 3026 in
659 2961 822 3047 Hispania
841 2962 1031 3036 Hercules,
1053 2956 1160 3025 sicuti

212 3055 295 3122 Afri
313 3070 448 3147 putant,
469 3059 622 3140 interiit,
640 3061 810 3126 exereitus
828 3066 923 3141 ejus,
943 3056 1159 3149 compositus

212 3173 254 3216 ex
279 3154 378 3221 variis
394 3156 570 3244 gentibus,
588 3157 714 3224 amissis
730 3161 841 3235 duce¹
858 3180 897 3222 ac
911 3155 1037 3243 passim
1062 3156 1160 3219 mul·

211 3252 284 3329 tis,
318 3254 385 3316 sibi
411 3257 570 3339 quique,
594 3255 784 3342 imperium
807 3256 1031 3342 petentibus,
1055 3251 1159 3319 brevi

212 3349 391 3423 dilabitur.
413 3353 463 3419 Er
480 3374 524 3418 eo
539 3377 686 3420 numero
702 3355 822 3433 Medi,
838 3353 962 3439 Persae
978 3365 1016 3415 et
1028 3355 1156 3415 Arme·
1196 3408 1199 3413 .

212 3448 272 3526 ui,
296 3451 441 3519 navibus
468 3453 506 3515 in
537 3454 695 3523 Africam
716 3453 932 3531 transvecti,
963 3469 1152 3535 proxumus

211 3560 330 3613 nostro
348 3553 434 3618 mari
461 3551 557 3616 locos
571 3572 797 3637 occupavere.
831 3550 900 3614 Sed
916 3548 1039 3615 Persae
1059 3547 1153 3621 intra

214 3642 392 3711 Oceanum
429 3651 557 3737 mugitu
594 3651 691 3736 iique
706 3651 821 3715 alveos
838 3649 979 3717 navium
995 3649 1158 3712 inversus

208 3765 274 3834 Pto
304 3747 451 3834 tuguriis
477 3747 653 3826 habuere5
685 3749 768 3832 quia
797 3769 916 3833 neque
948 3744 1087 3813 materia
1110 3745 1150 3813 in
1183 3736 1187 3743 ¹
1217 3798 1219 3803 -

211 3843 333 3937 agris,
357 3865 474 3938 neque
492 3845 535 3911 ab
556 3845 716 3940 Hispanis
742 3849 906 3928 emundi,
935 3860 992 3913 aut
1013 3862 1149 3916 mutau-
