2580 4492
530 247 578 267 ..
655 225 696 298 73
773 170 879 265 ..l

187 406 192 422 ¹
224 405 362 485 ¹rimus,
390 403 511 470 cohors
536 420 605 463 una
632 397 824 488 Ligurum,
848 422 928 465 cum
955 399 1093 463 duabus
1118 414 1190 464 tur·

239 504 302 567 mis
336 501 538 576 Thracum,
572 508 605 560 et
639 500 757 584 paucis
789 500 955 586 gregariis
991 498 1191 579 militibus,

239 601 407 664 transiere
431 597 474 662 ad
500 617 636 684 regern:
663 609 696 660 ct
723 596 883 661 centurio
914 584 1189 682 primipiliter·
1249 658 1252 664 .

238 702 306 762 tiae
331 695 481 787 legionis
499 715 562 780 per
580 692 845 774 munitionem,¹
857 718 973 779 quam,
994 698 1044 757 uti
1063 696 1187 759 defen·

241 799 365 873 deret,
402 805 611 880 acceperat,
644 793 763 856 locum
793 794 950 857 hostibus
981 794 1189 858 introeundi

239 897 356 960 dedit.
384 912 496 975 aeque
522 889 694 955 Numidae
721 890 840 956 cuncti
869 892 1041 976 irrupere
1071 890 1187 956 Nostri

220 993 344 1058 ,foeda
371 991 472 1076 fuga,
493 987 656 1073 plerique
675 974 820 1068 abjectis
841 992 961 1066 armis,
976 1012 1190 1072 proxumum

239 1089 368 1159 collem
395 1108 622 1172 occupavere.
645 1126 647 1130 ·
669 1085 744 1151 Nox
773 1105 878 1171 atque
905 1089 1032 1173 praeda
1060 1076 1214 1154 castro·¹
1243 1123 1247 1135 ·

238 1213 317 1255 rum
342 1191 477 1261 hostes,
501 1209 572 1269 quo
599 1186 712 1250 minus
740 1185 881 1251 victoria
902 1202 1104 1263 uterentur,
1131 1210 1187 1251 re·

237 1302 368 1353 morata
394 1296 486 1365 s.uut
536 1283 625 1348 Deio
651 1286 821 1372 Jugurtlta
840 1302 990 1369 postero
1021 1284 1187 1349 diacum

237 1369 365 1461 Aulo'
358 1405 394 1446 ιιι
420 1381 602 1467 colloquio
633 1382 734 1457 cerba
761 1383 872 1448 iacit:
909 1384 1045 1449 tametsi
1071 1383 1186 1468 ipsum

214 1478 319 1550 'cum
347 1481 500 1545 exercitu
528 1479 642 1557 lame
665 1480 759 1544 ferro
779 1482 937 1547 clausum
955 1472 1109 1547 teneret.
1136 1494 1187 1549 ta·

237 1604 320 1649 meo
344 1600 380 1644 se
393 1582 624 1661 bumaoarum
641 1599 759 1642 rerum
776 1599 988 1658 memorem
1016 1580 1043 1644 si
1062 1588 1184 1645 secum

238 1666 365 1744 foedus
388 1676 531 1751 faceret,
551 1672 737 1740 incolumis
757 1676 867 1740 omnis
885 1681 975 1742 sub
964 1701 1084 1767 Jugum
1104 1679 1187 1746 mis·

239 1799 378 1847 surum:
406 1785 604 1859 praeterea,
633 1775 682 1839 uti
708 1774 830 1841 diebus
864 1776 988 1875 decem
1019 1776 1185 1840 Numidia

238 1876 439 1963 decederet
498 1888 502 1895 ·

246 1984 250 1989 '
335 1974 431 2050 Quae
469 1990 730 2054 quamquam
711 1973 824 2035 “cavia
858 1986 891 2036 et
928 1970 1049 2060 flagitii
1081 1974 1185 2066 plena

240 2087 364 2136 erant·
400 2082 533 2139 limen,
561 2068 642 2148 quia
667 2070 797 2131 mortis
823 2084 918 2131 metu
948 2092 1012 2130 ιιι
991 2073 1185 2163 „ebriatum

236 2169 340 2235 sicuti
365 2164 439 2251 regi
458 2160 630 2239 libuerat,
657 2185 720 2245 par
748 2166 921 2228 convenit.

135 2342 141 2355 ,
333 2261 400 2326 Sed
428 2260 489 2327 ubi
519 2281 558 2323 ea
583 2207 712 2329 lidruae
739 2276 935 2348 comperta
946 2277 1044 2342 sunt,
1073 2282 1184 2337 metus

155 2404 161 2413 ·
238 2378 344 2448 atque
372 2381 509 2423 moeror
536 2359 710 2423 civitatem
736 2361 891 2424 invasere
913 2385 1027 2446 :fpars
1059 2367 1190 2445 dolere·

228 2486 300 2550 ¹pro
326 2457 466 2572 gloria
458 2457 614 2539 imperii:
643 2480 720 2540 pars
746 2459 884 2524 insolita
903 2484 1020 2525 rerum
1040 2463 1185 2529 bellica·

203 2583 315 2626 -rum
349 2559 471 2621 timere
497 2554 674 2645 libertati
700 2558 793 2620 lulo
820 2581 941 2625 omues
975 2535 1112 2638 infesti,
1142 2585 1183 2628 ac

236 2677 420 2732 maxume,
456 2653 518 2738 qui
544 2652 640 2716 bello
678 2676 781 2739 saepe
816 2659 988 2742 praeclari
1017 2660 1184 2741 lucrant5

236 2757 334 2842 quod
358 2766 505 2818 armatus
540 2752 715 2816 dedecore
748 2755 896 2841 potius²
932 2779 1036 2842 ruram
1057 2780 1184 2850 matur,

60 2926 73 2947 ,
134 2866 139 2875 ’
237 2854 386 2922 salutem
407 2848 634 2938 quaesiverat

258 2973 260 2978 ·
338 2930 391 3014 Ob
421 2971 459 3014 ea
498 2945 629 3010 Consul
656 2941 813 3015 Albinus
840 2972 881 3016 ex
912 2954 1041 3016 delicto
1069 2954 1184 3018 fratris

235 3051 458 3122 invidiam,
450 3064 490 3128 ac
518 3040 648 3108 deinde
679 3030 877 3130 periculum
907 3049 1050 3125 timens,
1078 3052 1184 3117 Sena

238 3164 313 3212 tum
341 3147 386 3231 de
413 3142 557 3207 foedere
583 3145 805 3224 consulebam
839 3159 1014 3212 ettamen
1042 3150 1190 3228 iuterim,

240 3238 409 3309 exercitui
435 3239 721 3325 supplementum
750 3245 991 3311 scriberezab
1022 3249 1123 3313 sociis
1151 3263 1185 3313 et

229 3332 384 3407 'nomine
411 3337 531 3403 Latino
557 3341 683 3405 auxilia
711 3362 904 3409 arcessere:
930 3346 1086 3428 denique
1113 3369 1185 3411 our·

241 3441 343 3514 nibus
362 3439 472 3504 modis
486 3437 664 3506 festinare.
686 3438 830 3507 Senatus
847 3442 905 3520 iia,
919 3444 968 3507 uti
982 3463 1043 3529 par
1061 3439 1190 3521 lucrat,¹
