2580 4492
484 187 876 296 ,μω-ψ

169 384 184 397 ’
220 397 257 459 ‹li
285 400 384 483 copia
417 413 499 465 erat.
525 402 623 467 liare
652 427 818 493 magnum
845 416 877 466 et
903 402 1022 489 ignara
1041 399 1168 487 lingue

220 499 428 564 commercia
456 503 704 583 prohibemur.—
726 503 769 565 Hi
795 500 977 586 paullatim
1001 519 1065 582 per
1085 508 1174 565 ‹ton-

217 596 326 665 nubia
344 597 408 660 sibi
430 599 591 673 Gaetulos
610 603 793 665 miscuere:
813 614 848 669 et
869 600 951 681 quia
971 617 1073 681 saepe
1091 608 1172 663 ten·

219 707 330 759 tentes
355 676 469 782 'agrum
495 697 583 774 alia,
603 700 735 762 deinde
764 698 830 760 alia
856 697 932 760 loca
950 696 1169 782 petiverant,

183 850 184 857 ,
219 796 424 875 semetipsi
452 794 618 873 Numidas
645 797 879 881 adpellasere.
914 794 1077 860 Ceterum
1107 797 1171 860 ad'·

216 890 287 954 huo
307 891 466 954 aedilicia
493 888 723 959 Numidarum
750 894 957 982 agrestium,
986 916 1075 986 quae
1096 913 1170 957 ma·

217 992 311 1070 palia
347 988 404 1050 illi
436 1004 575 1067 vocant,
604 993 777 1082 oblonga,
806 994 957 1057 incurris
996 992 1170 1058 lateribus
1214 1008 1218 1021 “

220 1101 341 1162 tecta,
369 1088 465 1174 qnasi
492 1091 632 1154 navium
654 1097 791 1156 carinae
818 1104 908 1156 sunt.
1047 1084 1052 1091 ’
1172 1080 1179 1092 ’

215 1206 221 1226 “
318 1186 433 1250 Medis
457 1201 571 1250 autem
602 1203 636 1252 et
659 1190 820 1255 Armenis
846 1208 1020 1253 accessere
1038 1186 1170 1274 Libyes

219 1279 325 1369 (nam
344 1284 379 1346 hi
410 1287 552 1370 propius
569 1309 665 1351 mare
687 1292 846 1353 Africum
864 1287 1058 1374 agitabaut3
1078 1290 1192 1363 Gaea

220 1384 288 1446 ruli
315 1383 378 1446 sub
399 1386 473 1447 sole
486 1386 619 1472 magis,
640 1389 732 1453 haud
751 1389 877 1472 procul
897 1388 938 1451 ab
960 1383 1170 1475 ardoribus)

129 1484 132 1491 '
220 1483 330 1561 hique
347 1499 480 1546 mature
500 1486 628 1566 oppida
644 1488 809 1551 habuere.
845 1485 929 1549 Nam
950 1483 1041 1549 freto
1062 1485 1170 1551 divisi

223 1580 266 1644 ab
293 1579 458 1660 Hispania
479 1596 612 1650 mutare
636 1605 690 1647 res
706 1587 800 1654 inter
817 1605 853 1646 se
881 1580 1115 1655 instituerant.

318 1676 455 1749 Nomen
477 1700 598 1771 eorum
616 1683 798 1768 paullatim
818 1679 942 1764 Libyes
964 1702 1170 1769 corrupere,

221 1777 367 1865 barbaro
404 1779 524 1864 lingua
557 1782 698 1848 Mauros
718 1826 728 1862 ,
763 1778 1006 1867 presteris,
1044 1779 1189 1864 adpet··

219 1877 342 1943 lantes.
398 1874 401 1880 ’
901 1883 906 1943 ἶ

320 1966 387 2039 Sed
405 1995 458 2039 res
474 1973 655 2042 Persarum
673 1978 771 2043 brevi
792 1979 960 2043 adolevit:
982 1997 1020 2039 ac
1048 1987 1170 2058 postea

150 2130 170 2144 ,.
220 2077 366 2137 nomine
388 2068 556 2134 Numidae
579 2119 588 2150 ,
623 2072 767 2157 propter
792 2075 1054 2137 multitudinem
1077 2095 1170 2158 apa·

221 2171 380 2234 rentibus
407 2168 574 2253 digressi,
599 2171 780 2255 possidere
801 2193 839 2234 ea
856 2172 952 2246 loca,
979 2190 1069 2253 quae
1087 2192 1170 2255 pro·

226 2290 330 2334 xunse
346 2270 589 2354 Carthaginem
616 2266 779 2331 Numidia
797 2268 1011 2353 adpellatur.
1072 2272 1077 2281 “

319 2369 408 2430 Dein
436 2368 576 2449 utrique
602 2368 718 2430 alteris
746 2367 851 2447 freti,
870 2367 1170 2433 finitumosarmis

224 2482 280 2530 aut
307 2479 401 2528 metu
428 2467 491 2526 sub
517 2465 702 2547 imperium
727 2488 874 2552 cogere,
905 2486 1035 2528 nomen
1060 2462 1170 2555 glori·

223 2584 348 2646 amque
374 2566 438 2628 sibi
457 2563 635 2642 addidere5
662 2556 767 2650 migis
786 2566 845 2642 hi,
871 2565 931 2649 qui
946 2565 989 2628 ad
1008 2579 1170 2639 nostrum

223 2685 319 2726 mare
338 2665 593 2746 processerant:
610 2665 691 2747 quia
716 2663 863 2749 Libyes,
879 2686 981 2749 quam
1004 2663 1168 2742 Gaetuli,

223 2764 339 2826 ruinius
365 2760 544 2837 bellicosi5
576 2762 731 2844 denique
756 2763 896 2827 Africae
918 2784 994 2847 pars
1016 2760 1168 2835 inferior

180 2896 182 2900 >
221 2861 392 2946 pleraque
419 2860 461 2922 ab
483 2857 642 2937 Numidis
660 2877 813 2944 possessa
842 2876 913 2942 est3
938 2861 1016 2924 victi
1044 2879 1166 2925 omnes

224 2959 263 3021 iu
290 2976 429 3046 gentem
456 2978 656 3044 nomenque
682 2960 928 3044 imperantium
949 2977 1164 3022 concessere.

131 3074 173 3144 19
244 3133 247 3139 Ι
324 3054 440 3120 Postea
466 3054 667 3146 ¹Phoenices
704 3055 761 3121 alii
796 3057 1032 3122 multitudinis
1069 3057 1167 3121 domi

180 3195 183 3205 ·
224 3153 437 3224 minuendae
457 3153 574 3243 gratia,
600 3178 677 3240 pars
698 3157 838 3246 imperii
867 3156 1050 3244 cupidine,
1069 3152 1166 3220 solli·
