<?xml version="1.0" encoding="UTF-8"?>
<!DOCTYPE html PUBLIC "-//W3C//DTD XHTML 1.0 Transitional//EN"
    "http://www.w3.org/TR/xhtml1/DTD/xhtml1-transitional.dtd">
<html xmlns="http://www.w3.org/1999/xhtml" xml:lang="en" lang="en">
 <head>
  <title>
</title>
<meta http-equiv="Content-Type" content="text/html;charset=utf-8" />
  <meta name='ocr-system' content='tesseract 3.04.00' />
  <meta name='ocr-capabilities' content='ocr_page ocr_carea ocr_par ocr_line ocrx_word'/>
</head>
<body>
  <div class='ocr_page' id='page_1' title='image "./operasmmtlichew00sallgoog_0028.png"; bbox 0 0 2580 4492; ppageno 0'>
   <div class='ocr_carea' id='block_1_1' title="bbox 560 225 945 281">
    <p class='ocr_par' dir='ltr' id='par_1_1' title="bbox 560 225 945 281">
     <span class='ocr_line' id='line_1_1' title="bbox 560 225 945 281; baseline -0.018 -1"><span class='ocrx_word' id='word_1_1' title='bbox 560 225 945 281; x_wconf 80' lang='lat'>-22-.</span> 
     </span>
    </p>
   </div>
   <div class='ocr_carea' id='block_1_2' title="bbox 90 393 1281 3734">
    <p class='ocr_par' dir='ltr' id='par_1_2' title="bbox 290 393 1279 687">
     <span class='ocr_line' id='line_1_2' title="bbox 292 393 1242 487; baseline 0.007 -27"><span class='ocrx_word' id='word_1_2' title='bbox 292 399 467 475; x_wconf 62' lang='lat' dir='ltr'>constitui.</span> <span class='ocrx_word' id='word_1_3' title='bbox 493 393 614 482; x_wconf 84' lang='lat' dir='ltr'>ltaque</span> <span class='ocrx_word' id='word_1_4' title='bbox 641 414 778 484; x_wconf 82' lang='lat' dir='ltr'>tempus</span> <span class='ocrx_word' id='word_1_5' title='bbox 804 401 848 464; x_wconf 89' lang='lat' dir='ltr'>ad</span> <span class='ocrx_word' id='word_1_6' title='bbox 873 416 1057 487; x_wconf 88' lang='lat' dir='ltr'>utramque</span> <span class='ocrx_word' id='word_1_7' title='bbox 1084 425 1158 466; x_wconf 85' lang='lat' dir='ltr'>rem</span> <span class='ocrx_word' id='word_1_8' title='bbox 1179 406 1242 467; x_wconf 88' lang='lat' dir='ltr'>de·</span> 
     </span>
     <span class='ocr_line' id='line_1_3' title="bbox 292 500 1243 584; baseline 0.004 -21"><span class='ocrx_word' id='word_1_9' title='bbox 292 510 468 573; x_wconf 71' lang='lat' dir='ltr'>cernitur:</span> <span class='ocrx_word' id='word_1_10' title='bbox 494 502 556 561; x_wconf 87' lang='lat' dir='ltr'>sed</span> <span class='ocrx_word' id='word_1_11' title='bbox 573 503 741 564; x_wconf 82' lang='lat' dir='ltr'>maturius</span> <span class='ocrx_word' id='word_1_12' title='bbox 761 500 803 562; x_wconf 87' lang='lat' dir='ltr'>ad</span> <span class='ocrx_word' id='word_1_13' title='bbox 820 503 1006 584; x_wconf 79' lang='lat' dir='ltr'>pecuniam</span> <span class='ocrx_word' id='word_1_14' title='bbox 1025 504 1243 568; x_wconf 82' lang='lat' dir='ltr'>distribuen-</span> 
     </span>
     <span class='ocr_line' id='line_1_4' title="bbox 290 600 1279 687; baseline -0.002 -16"><span class='ocrx_word' id='word_1_15' title='bbox 290 607 382 682; x_wconf 74' lang='lat' dir='ltr'>dam,</span> <span class='ocrx_word' id='word_1_16' title='bbox 957 674 966 687; x_wconf 45' lang='grc' dir='ltr'><em>Ι</em></span> <span class='ocrx_word' id='word_1_17' title='bbox 1277 600 1279 605; x_wconf 62' lang='grc'>’</span> 
     </span>
    </p>

    <p class='ocr_par' dir='ltr' id='par_1_3' title="bbox 286 698 1242 988">
     <span class='ocr_line' id='line_1_5' title="bbox 391 698 1242 786; baseline 0 -24"><span class='ocrx_word' id='word_1_18' title='bbox 391 698 519 786; x_wconf 82' lang='lat' dir='ltr'>Reguli</span> <span class='ocrx_word' id='word_1_19' title='bbox 541 700 676 765; x_wconf 87' lang='lat' dir='ltr'>interea</span> <span class='ocrx_word' id='word_1_20' title='bbox 701 698 739 761; x_wconf 86' lang='lat' dir='ltr'>in</span> <span class='ocrx_word' id='word_1_21' title='bbox 765 699 842 762; x_wconf 90' lang='lat' dir='ltr'>loea</span> <span class='ocrx_word' id='word_1_22' title='bbox 871 699 1066 782; x_wconf 89' lang='lat' dir='ltr'>propinqua</span> <span class='ocrx_word' id='word_1_23' title='bbox 1101 701 1242 764; x_wconf 84' lang='lat' dir='ltr'>thesau-</span> 
     </span>
     <span class='ocr_line' id='line_1_6' title="bbox 288 796 1241 880; baseline 0.002 -21"><span class='ocrx_word' id='word_1_24' title='bbox 288 805 336 870; x_wconf 68' lang='lat' dir='ltr'>ris</span> <span class='ocrx_word' id='word_1_25' title='bbox 363 807 451 869; x_wconf 77' lang='lat' dir='ltr'>alius</span> <span class='ocrx_word' id='word_1_26' title='bbox 479 797 546 860; x_wconf 86' lang='lat' dir='ltr'>alio</span> <span class='ocrx_word' id='word_1_27' title='bbox 571 816 786 868; x_wconf 71' lang='lat' dir='ltr'>concessere.</span> <span class='ocrx_word' id='word_1_28' title='bbox 823 796 890 858; x_wconf 88' lang='lat' dir='ltr'>Sed</span> <span class='ocrx_word' id='word_1_29' title='bbox 911 796 1086 880; x_wconf 78' lang='lat' dir='ltr'>Hiempsal</span> <span class='ocrx_word' id='word_1_30' title='bbox 1113 800 1150 861; x_wconf 91' lang='lat' dir='ltr'>in</span> <span class='ocrx_word' id='word_1_31' title='bbox 1178 821 1241 877; x_wconf 83' lang='lat' dir='ltr'>op·</span> 
     </span>
     <span class='ocr_line' id='line_1_7' title="bbox 286 893 1242 988; baseline 0.004 -33"><span class='ocrx_word' id='word_1_32' title='bbox 286 906 371 988; x_wconf 77' lang='lat' dir='ltr'>pido</span> <span class='ocrx_word' id='word_1_33' title='bbox 397 894 580 965; x_wconf 81' lang='lat' dir='ltr'><strong>Thirmida</strong></span> <span class='ocrx_word' id='word_1_34' title='bbox 606 893 697 969; x_wconf 84' lang='lat' dir='ltr'>forte</span> <span class='ocrx_word' id='word_1_35' title='bbox 733 899 807 975; x_wconf 84' lang='lat' dir='ltr'>ejus</span> <span class='ocrx_word' id='word_1_36' title='bbox 838 895 942 957; x_wconf 88' lang='lat' dir='ltr'>domo</span> <span class='ocrx_word' id='word_1_37' title='bbox 966 895 1148 970; x_wconf 80' lang='lat' dir='ltr'>utebatur,</span> <span class='ocrx_word' id='word_1_38' title='bbox 1176 897 1242 981; x_wconf 82' lang='lat' dir='ltr'>qui</span> 
     </span>
    </p>

    <p class='ocr_par' dir='ltr' id='par_1_4' title="bbox 271 990 1280 1477">
     <span class='ocr_line' id='line_1_8' title="bbox 271 990 1241 1082; baseline 0 -25"><span class='ocrx_word' id='word_1_39' title='bbox 271 1016 477 1082; x_wconf 50' lang='lat' dir='ltr'>,proxumus</span> <span class='ocrx_word' id='word_1_40' title='bbox 503 993 608 1055; x_wconf 83' lang='lat' dir='ltr'>lictor</span> <span class='ocrx_word' id='word_1_41' title='bbox 632 990 845 1078; x_wconf 84' lang='lat' dir='ltr'>Jugurthae,</span> <span class='ocrx_word' id='word_1_42' title='bbox 874 990 973 1055; x_wconf 77' lang='lat' dir='ltr'>carus</span> <span class='ocrx_word' id='word_1_43' title='bbox 1002 1007 1241 1079; x_wconf 82' lang='lat' dir='ltr'>acceptusque</span> 
     </span>
     <span class='ocr_line' id='line_1_9' title="bbox 289 1089 1238 1184; baseline 0.004 -32"><span class='ocrx_word' id='word_1_44' title='bbox 289 1100 323 1159; x_wconf 83' lang='lat' dir='ltr'>ei</span> <span class='ocrx_word' id='word_1_45' title='bbox 345 1115 483 1184; x_wconf 56' lang='lat' dir='ltr'>semper</span> <span class='ocrx_word' id='word_1_46' title='bbox 501 1091 627 1170; x_wconf 71' lang='lat' dir='ltr'>luerat.</span> <span class='ocrx_word' id='word_1_47' title='bbox 648 1089 761 1166; x_wconf 79' lang='lat' dir='ltr'>Quem</span> <span class='ocrx_word' id='word_1_48' title='bbox 773 1091 834 1153; x_wconf 87' lang='lat' dir='ltr'>ille</span> <span class='ocrx_word' id='word_1_49' title='bbox 853 1112 933 1154; x_wconf 80' lang='lat' dir='ltr'>casu</span> <span class='ocrx_word' id='word_1_50' title='bbox 950 1092 1159 1154; x_wconf 84' lang='lat' dir='ltr'>ministrum·</span> <span class='ocrx_word' id='word_1_51' title='bbox 1176 1096 1238 1156; x_wconf 92' lang='lat' dir='ltr'>ob·</span> 
     </span>
     <span class='ocr_line' id='line_1_10' title="bbox 289 1186 1280 1280; baseline -0.004 -22"><span class='ocrx_word' id='word_1_52' title='bbox 289 1194 401 1260; x_wconf 89' lang='lat' dir='ltr'>latum</span> <span class='ocrx_word' id='word_1_53' title='bbox 427 1188 607 1280; x_wconf 70' lang='lat' dir='ltr'>promissis</span> <span class='ocrx_word' id='word_1_54' title='bbox 626 1203 765 1264; x_wconf 89' lang='lat' dir='ltr'>onerat,</span> <span class='ocrx_word' id='word_1_55' title='bbox 795 1189 845 1250; x_wconf 86' lang='lat' dir='ltr'>uti</span> <span class='ocrx_word' id='word_1_56' title='bbox 872 1202 1046 1272; x_wconf 87' lang='lat' dir='ltr'>tamquam</span> <span class='ocrx_word' id='word_1_57' title='bbox 1073 1213 1171 1254; x_wconf 87' lang='lat' dir='ltr'>suam</span> <span class='ocrx_word' id='word_1_58' title='bbox 1191 1192 1243 1256; x_wconf 84' lang='lat' dir='ltr'>ri·</span> <span class='ocrx_word' id='word_1_59' title='bbox 1277 1186 1280 1191; x_wconf 45' lang='lat'>¹</span> 
     </span>
     <span class='ocr_line' id='line_1_11' title="bbox 295 1287 1242 1370; baseline -0.002 -12"><span class='ocrx_word' id='word_1_60' title='bbox 295 1288 373 1359; x_wconf 80' lang='lat' dir='ltr'>sens</span> <span class='ocrx_word' id='word_1_61' title='bbox 411 1294 555 1355; x_wconf 90' lang='lat' dir='ltr'>domum</span> <span class='ocrx_word' id='word_1_62' title='bbox 580 1298 655 1362; x_wconf 83' lang='lat' dir='ltr'>eat,</span> <span class='ocrx_word' id='word_1_63' title='bbox 684 1301 863 1370; x_wconf 84' lang='lat' dir='ltr'>portarurn</span> <span class='ocrx_word' id='word_1_64' title='bbox 891 1287 994 1351; x_wconf 79' lang='lat' dir='ltr'>clavis</span> <span class='ocrx_word' id='word_1_65' title='bbox 1025 1289 1242 1356; x_wconf 82' lang='lat' dir='ltr'>adulterinas</span> 
     </span>
     <span class='ocr_line' id='line_1_12' title="bbox 290 1382 1240 1477; baseline -0.003 -21"><span class='ocrx_word' id='word_1_66' title='bbox 290 1382 409 1477; x_wconf 74' lang='lat' dir='ltr'>paretz</span> <span class='ocrx_word' id='word_1_67' title='bbox 435 1411 514 1453; x_wconf 87' lang='lat' dir='ltr'>nam</span> <span class='ocrx_word' id='word_1_68' title='bbox 532 1407 633 1450; x_wconf 83' lang='lat' dir='ltr'>verae</span> <span class='ocrx_word' id='word_1_69' title='bbox 654 1385 697 1447; x_wconf 85' lang='lat' dir='ltr'>ad</span> <span class='ocrx_word' id='word_1_70' title='bbox 722 1384 956 1468; x_wconf 81' lang='lat' dir='ltr'>Hiempsalem</span> <span class='ocrx_word' id='word_1_71' title='bbox 979 1387 1240 1477; x_wconf 79' lang='lat' dir='ltr'>referebantur.</span> 
     </span>
    </p>

    <p class='ocr_par' dir='ltr' id='par_1_5' title="bbox 197 1483 1245 1673">
     <span class='ocr_line' id='line_1_13' title="bbox 197 1483 1245 1570; baseline -0.002 -18"><span class='ocrx_word' id='word_1_72' title='bbox 197 1518 209 1529; x_wconf 56' lang='lat'>&lt;·</span> <span class='ocrx_word' id='word_1_73' title='bbox 293 1484 492 1564; x_wconf 77' lang='lat' dir='ltr'>Ceterum,</span> <span class='ocrx_word' id='word_1_74' title='bbox 542 1483 604 1546; x_wconf 86' lang='lat' dir='ltr'>ubi</span> <span class='ocrx_word' id='word_1_75' title='bbox 629 1503 683 1545; x_wconf 89' lang='lat' dir='ltr'>res</span> <span class='ocrx_word' id='word_1_76' title='bbox 709 1483 921 1566; x_wconf 73' lang='lat' dir='ltr'>postularet,</span> <span class='ocrx_word' id='word_1_77' title='bbox 948 1506 985 1548; x_wconf 90' lang='lat' dir='ltr'>se</span> <span class='ocrx_word' id='word_1_78' title='bbox 1011 1486 1128 1570; x_wconf 90' lang='lat' dir='ltr'>ipsum</span> <span class='ocrx_word' id='word_1_79' title='bbox 1160 1507 1245 1551; x_wconf 87' lang='lat' dir='ltr'>eum</span> 
     </span>
     <span class='ocr_line' id='line_1_14' title="bbox 288 1584 759 1673; baseline -0.008 -22"><span class='ocrx_word' id='word_1_80' title='bbox 288 1609 413 1673; x_wconf 83' lang='lat' dir='ltr'>magna</span> <span class='ocrx_word' id='word_1_81' title='bbox 438 1607 543 1648; x_wconf 87' lang='lat' dir='ltr'>manu</span> <span class='ocrx_word' id='word_1_82' title='bbox 563 1584 759 1647; x_wconf 70' lang='lat' dir='ltr'>tenturum.</span> 
     </span>
    </p>

    <p class='ocr_par' dir='ltr' id='par_1_6' title="bbox 288 1679 1281 2550">
     <span class='ocr_line' id='line_1_15' title="bbox 389 1679 1244 1765; baseline 0 -21"><span class='ocrx_word' id='word_1_83' title='bbox 389 1682 540 1746; x_wconf 78' lang='lat' dir='ltr'>Numida</span> <span class='ocrx_word' id='word_1_84' title='bbox 566 1679 725 1742; x_wconf 88' lang='lat' dir='ltr'>mandata</span> <span class='ocrx_word' id='word_1_85' title='bbox 749 1679 846 1744; x_wconf 88' lang='lat' dir='ltr'>brevi</span> <span class='ocrx_word' id='word_1_86' title='bbox 866 1680 1040 1744; x_wconf 85' lang='lat' dir='ltr'>confecit:</span> <span class='ocrx_word' id='word_1_87' title='bbox 1066 1694 1184 1765; x_wconf 88' lang='lat' dir='ltr'>atque,</span> <span class='ocrx_word' id='word_1_88' title='bbox 1202 1697 1244 1749; x_wconf 86' lang='lat' dir='ltr'>ut</span> 
     </span>
     <span class='ocr_line' id='line_1_16' title="bbox 289 1778 1243 1866; baseline 0 -19"><span class='ocrx_word' id='word_1_89' title='bbox 289 1785 411 1847; x_wconf 86' lang='lat' dir='ltr'>doctus</span> <span class='ocrx_word' id='word_1_90' title='bbox 432 1796 514 1860; x_wconf 90' lang='lat' dir='ltr'>erat,</span> <span class='ocrx_word' id='word_1_91' title='bbox 533 1778 848 1864; x_wconf 85' lang='lat' dir='ltr'>·noctulugurthae</span> <span class='ocrx_word' id='word_1_92' title='bbox 880 1780 1009 1866; x_wconf 81' lang='lat' dir='ltr'>milites</span> <span class='ocrx_word' id='word_1_93' title='bbox 1035 1779 1243 1847; x_wconf 84' lang='lat' dir='ltr'>introducit.</span> 
     </span>
     <span class='ocr_line' id='line_1_17' title="bbox 308 1878 1244 1965; baseline 0 -22"><span class='ocrx_word' id='word_1_94' title='bbox 308 1938 316 1955; x_wconf 59' lang='lat'>,</span> <span class='ocrx_word' id='word_1_95' title='bbox 391 1882 460 1959; x_wconf 87' lang='lat' dir='ltr'>Qui</span> <span class='ocrx_word' id='word_1_96' title='bbox 495 1893 677 1965; x_wconf 84' lang='lat' dir='ltr'>postquam</span> <span class='ocrx_word' id='word_1_97' title='bbox 708 1879 745 1939; x_wconf 91' lang='lat' dir='ltr'>iu</span> <span class='ocrx_word' id='word_1_98' title='bbox 779 1878 874 1942; x_wconf 86' lang='lat' dir='ltr'>aedis</span> <span class='ocrx_word' id='word_1_99' title='bbox 904 1878 1084 1962; x_wconf 83' lang='lat' dir='ltr'>irrupere,</span> <span class='ocrx_word' id='word_1_100' title='bbox 1111 1880 1244 1945; x_wconf 85' lang='lat' dir='ltr'>diversi</span> 
     </span>
     <span class='ocr_line' id='line_1_18' title="bbox 288 1973 1245 2064; baseline -0.002 -22"><span class='ocrx_word' id='word_1_101' title='bbox 288 1988 408 2064; x_wconf 83' lang='lat' dir='ltr'>regem</span> <span class='ocrx_word' id='word_1_102' title='bbox 427 1997 623 2060; x_wconf 84' lang='lat' dir='ltr'>quaerere:</span> <span class='ocrx_word' id='word_1_103' title='bbox 649 1973 855 2040; x_wconf 85' lang='lat' dir='ltr'>dormientis</span> <span class='ocrx_word' id='word_1_104' title='bbox 873 1976 984 2053; x_wconf 87' lang='lat' dir='ltr'>alios,</span> <span class='ocrx_word' id='word_1_105' title='bbox 1011 1977 1095 2040; x_wconf 84' lang='lat' dir='ltr'>alios</span> <span class='ocrx_word' id='word_1_106' title='bbox 1118 1999 1245 2040; x_wconf 87' lang='lat' dir='ltr'>occur·</span> 
     </span>
     <span class='ocr_line' id='line_1_19' title="bbox 289 2070 1243 2144; baseline 0.003 -8"><span class='ocrx_word' id='word_1_107' title='bbox 289 2075 395 2140; x_wconf 82' lang='lat' dir='ltr'>santis</span> <span class='ocrx_word' id='word_1_108' title='bbox 430 2073 650 2133; x_wconf 79' lang='lat' dir='ltr'>interficere:</span> <span class='ocrx_word' id='word_1_109' title='bbox 675 2073 818 2129; x_wconf 85' lang='lat' dir='ltr'>serutari</span> <span class='ocrx_word' id='word_1_110' title='bbox 854 2070 929 2130; x_wconf 89' lang='lat' dir='ltr'>loca</span> <span class='ocrx_word' id='word_1_111' title='bbox 960 2073 1094 2144; x_wconf 57' lang='lat' dir='ltr'>abditu</span> <span class='ocrx_word' id='word_1_112' title='bbox 1125 2078 1243 2143; x_wconf 74' lang='lat' dir='ltr'>clausa</span> 
     </span>
     <span class='ocr_line' id='line_1_20' title="bbox 292 2165 1244 2258; baseline -0.002 -23"><span class='ocrx_word' id='word_1_113' title='bbox 292 2173 500 2258; x_wconf 81' lang='lat' dir='ltr'>effringere:</span> <span class='ocrx_word' id='word_1_114' title='bbox 527 2165 672 2248; x_wconf 81' lang='lat' dir='ltr'>rtrepitu</span> <span class='ocrx_word' id='word_1_115' title='bbox 699 2177 732 2224; x_wconf 88' lang='lat' dir='ltr'>et</span> <span class='ocrx_word' id='word_1_116' title='bbox 752 2166 903 2226; x_wconf 88' lang='lat' dir='ltr'>tumultu</span> <span class='ocrx_word' id='word_1_117' title='bbox 932 2167 1047 2228; x_wconf 78' lang='lat' dir='ltr'>omnia</span> <span class='ocrx_word' id='word_1_118' title='bbox 1066 2168 1244 2237; x_wconf 78' lang='lat' dir='ltr'>miscere:</span> 
     </span>
     <span class='ocr_line' id='line_1_21' title="bbox 292 2262 1281 2380; baseline -0.002 -48"><span class='ocrx_word' id='word_1_119' title='bbox 292 2269 401 2355; x_wconf 83' lang='lat' dir='ltr'>q&#39;uum</span> <span class='ocrx_word' id='word_1_120' title='bbox 424 2265 602 2380; x_wconf 86' lang='lat' dir='ltr'>Hiempsal</span> <span class='ocrx_word' id='word_1_121' title='bbox 621 2262 763 2325; x_wconf 80' lang='lat' dir='ltr'>iuterim</span> <span class='ocrx_word' id='word_1_122' title='bbox 781 2264 975 2352; x_wconf 73' lang='lat' dir='ltr'>reperitur,</span> <span class='ocrx_word' id='word_1_123' title='bbox 990 2266 1169 2335; x_wconf 82' lang='lat' dir='ltr'>occultans</span> <span class='ocrx_word' id='word_1_124' title='bbox 1178 2292 1246 2337; x_wconf 76' lang='lat' dir='ltr'>se·</span> <span class='ocrx_word' id='word_1_125' title='bbox 1277 2336 1281 2341; x_wconf 61' lang='grc'>,</span> 
     </span>
     <span class='ocr_line' id='line_1_22' title="bbox 290 2361 1245 2465; baseline 0.007 -46"><span class='ocrx_word' id='word_1_126' title='bbox 290 2389 327 2434; x_wconf 63' lang='lat'>30</span> <span class='ocrx_word' id='word_1_127' title='bbox 366 2367 506 2453; x_wconf 75' lang='lat' dir='ltr'>tugurio</span> <span class='ocrx_word' id='word_1_128' title='bbox 534 2363 690 2426; x_wconf 80' lang='lat' dir='ltr'>mulieris</span> <span class='ocrx_word' id='word_1_129' title='bbox 717 2361 894 2436; x_wconf 81' lang='lat' dir='ltr'>ancillae,</span> <span class='ocrx_word' id='word_1_130' title='bbox 930 2383 1001 2444; x_wconf 84' lang='lat' dir='ltr'>quo</span> <span class='ocrx_word' id='word_1_131' title='bbox 1024 2364 1128 2426; x_wconf 89' lang='lat' dir='ltr'>initio</span> <span class='ocrx_word' id='word_1_132' title='bbox 1147 2372 1245 2465; x_wconf 80' lang='lat' dir='ltr'>pavi</span> 
     </span>
     <span class='ocr_line' id='line_1_23' title="bbox 292 2459 904 2550; baseline -0.017 -22"><span class='ocrx_word' id='word_1_133' title='bbox 292 2467 355 2530; x_wconf 85' lang='lat' dir='ltr'>dus</span> <span class='ocrx_word' id='word_1_134' title='bbox 376 2477 410 2526; x_wconf 87' lang='lat' dir='ltr'>et</span> <span class='ocrx_word' id='word_1_135' title='bbox 427 2467 575 2550; x_wconf 78' lang='lat' dir='ltr'>igltarus</span> <span class='ocrx_word' id='word_1_136' title='bbox 595 2461 667 2522; x_wconf 85' lang='lat' dir='ltr'>loci</span> <span class='ocrx_word' id='word_1_137' title='bbox 692 2459 904 2545; x_wconf 85' lang='lat' dir='ltr'>perfugerat.</span> 
     </span>
    </p>

    <p class='ocr_par' dir='ltr' id='par_1_7' title="bbox 291 2548 1247 2726">
     <span class='ocr_line' id='line_1_24' title="bbox 389 2548 1247 2643; baseline 0.002 -21.005"><span class='ocrx_word' id='word_1_138' title='bbox 389 2559 562 2624; x_wconf 87' lang='lat' dir='ltr'>Numidae</span> <span class='ocrx_word' id='word_1_139' title='bbox 598 2571 701 2643; x_wconf 84' lang='lat' dir='ltr'>caput</span> <span class='ocrx_word' id='word_1_140' title='bbox 736 2560 829 2635; x_wconf 84' lang='lat' dir='ltr'>ejus,</span> <span class='ocrx_word' id='word_1_141' title='bbox 859 2571 895 2619; x_wconf 87' lang='lat' dir='ltr'>ut</span> <span class='ocrx_word' id='word_1_142' title='bbox 923 2559 1009 2634; x_wconf 85' lang='lat' dir='ltr'>jussi</span> <span class='ocrx_word' id='word_1_143' title='bbox 1047 2548 1164 2641; x_wconf 73' lang='lat' dir='ltr'>erant,</span> <span class='ocrx_word' id='word_1_144' title='bbox 1198 2568 1247 2635; x_wconf 73' lang='lat' dir='ltr'>ad</span> 
     </span>
     <span class='ocr_line' id='line_1_25' title="bbox 291 2658 690 2748; baseline -0.016 -22"><span class='ocrx_word' id='word_1_145' title='bbox 291 2663 496 2748; x_wconf 85' lang='lat' dir='ltr'>Jugurtham</span> <span class='ocrx_word' id='word_1_146' title='bbox 520 2658 690 2722; x_wconf 79' lang='lat' dir='ltr'>referunt.</span> 
     </span>
    </p>

    <p class='ocr_par' dir='ltr' id='par_1_8' title="bbox 90 2753 1244 3317">
     <span class='ocr_line' id='line_1_26' title="bbox 90 2753 1244 2841; baseline 0.002 -20"><span class='ocrx_word' id='word_1_147' title='bbox 90 2767 95 2773; x_wconf 83' lang='grc'><em>“</em></span> <span class='ocrx_word' id='word_1_148' title='bbox 198 2763 241 2831; x_wconf 73' lang='lat'>13</span> <span class='ocrx_word' id='word_1_149' title='bbox 390 2759 554 2828; x_wconf 85' lang='lat' dir='ltr'>Ceterum</span> <span class='ocrx_word' id='word_1_150' title='bbox 578 2757 668 2820; x_wconf 84' lang='lat' dir='ltr'>lama</span> <span class='ocrx_word' id='word_1_151' title='bbox 700 2755 787 2816; x_wconf 88' lang='lat' dir='ltr'>tanti</span> <span class='ocrx_word' id='word_1_152' title='bbox 816 2753 980 2820; x_wconf 83' lang='lat' dir='ltr'>facinoris</span> <span class='ocrx_word' id='word_1_153' title='bbox 1007 2777 1071 2841; x_wconf 84' lang='lat' dir='ltr'>per</span> <span class='ocrx_word' id='word_1_154' title='bbox 1098 2780 1244 2827; x_wconf 89' lang='lat' dir='ltr'>omnem</span> 
     </span>
     <span class='ocr_line' id='line_1_27' title="bbox 291 2850 1242 2938; baseline 0.001 -16"><span class='ocrx_word' id='word_1_155' title='bbox 291 2858 449 2922; x_wconf 77' lang='lat' dir='ltr'>Africam</span> <span class='ocrx_word' id='word_1_156' title='bbox 474 2856 570 2920; x_wconf 82' lang='lat' dir='ltr'>brevi</span> <span class='ocrx_word' id='word_1_157' title='bbox 601 2850 817 2938; x_wconf 76' lang='lat' dir='ltr'>divulgatur3</span> <span class='ocrx_word' id='word_1_158' title='bbox 845 2857 1089 2932; x_wconf 75' lang='lat' dir='ltr'>Adherbalem,</span> <span class='ocrx_word' id='word_1_159' title='bbox 1111 2854 1242 2924; x_wconf 82' lang='lat' dir='ltr'>omnis·</span> 
     </span>
     <span class='ocr_line' id='line_1_28' title="bbox 293 2946 1243 3042; baseline 0.004 -24"><span class='ocrx_word' id='word_1_160' title='bbox 293 2978 384 3042; x_wconf 87' lang='lat' dir='ltr'>que,</span> <span class='ocrx_word' id='word_1_161' title='bbox 412 2956 487 3041; x_wconf 84' lang='lat' dir='ltr'>qui</span> <span class='ocrx_word' id='word_1_162' title='bbox 499 2951 589 3018; x_wconf 89' lang='lat' dir='ltr'>sub</span> <span class='ocrx_word' id='word_1_163' title='bbox 579 2952 766 3033; x_wconf 77' lang='lat' dir='ltr'>imperio</span> <span class='ocrx_word' id='word_1_164' title='bbox 754 2946 922 3035; x_wconf 73' lang='lat' dir='ltr'>lile-ipsae</span> <span class='ocrx_word' id='word_1_165' title='bbox 944 2953 1101 3029; x_wconf 83' lang='lat' dir='ltr'>fueraut,</span> <span class='ocrx_word' id='word_1_166' title='bbox 1127 2971 1243 3023; x_wconf 82' lang='lat' dir='ltr'>metus</span> 
     </span>
     <span class='ocr_line' id='line_1_29' title="bbox 296 3044 1244 3133; baseline -0.001 -15"><span class='ocrx_word' id='word_1_167' title='bbox 296 3052 518 3124; x_wconf 81' lang='lat' dir='ltr'>irtvodit.1n</span> <span class='ocrx_word' id='word_1_168' title='bbox 550 3051 634 3112; x_wconf 82' lang='lat' dir='ltr'>duas</span> <span class='ocrx_word' id='word_1_169' title='bbox 660 3044 763 3132; x_wconf 87' lang='lat' dir='ltr'>partis</span> <span class='ocrx_word' id='word_1_170' title='bbox 789 3049 994 3114; x_wconf 85' lang='lat' dir='ltr'>discedunt.</span> <span class='ocrx_word' id='word_1_171' title='bbox 1026 3051 1144 3133; x_wconf 87' lang='lat' dir='ltr'>plures</span> <span class='ocrx_word' id='word_1_172' title='bbox 1170 3056 1244 3117; x_wconf 83' lang='lat' dir='ltr'>Ad-</span> 
     </span>
     <span class='ocr_line' id='line_1_30' title="bbox 294 3148 1244 3271; baseline 0 -52"><span class='ocrx_word' id='word_1_173' title='bbox 294 3151 475 3219; x_wconf 89' lang='lat' dir='ltr'>herbalem</span> <span class='ocrx_word' id='word_1_174' title='bbox 507 3162 721 3237; x_wconf 84' lang='lat' dir='ltr'>sequuntur,</span> <span class='ocrx_word' id='word_1_175' title='bbox 748 3149 809 3212; x_wconf 83' lang='lat' dir='ltr'>sed</span> <span class='ocrx_word' id='word_1_176' title='bbox 841 3148 944 3271; x_wconf 90' lang='lat' dir='ltr'>illum</span> <span class='ocrx_word' id='word_1_177' title='bbox 973 3150 1120 3212; x_wconf 85' lang='lat' dir='ltr'>alterum</span> <span class='ocrx_word' id='word_1_178' title='bbox 1143 3150 1244 3219; x_wconf 86' lang='lat' dir='ltr'>bellu</span> 
     </span>
     <span class='ocr_line' id='line_1_31' title="bbox 296 3249 472 3317; baseline -0.024 0"><span class='ocrx_word' id='word_1_179' title='bbox 296 3249 472 3317; x_wconf 83' lang='lat' dir='ltr'>meliores</span> 
     </span>
    </p>

    <p class='ocr_par' dir='ltr' id='par_1_9' title="bbox 299 3344 1259 3631">
     <span class='ocr_line' id='line_1_32' title="bbox 395 3344 1245 3429; baseline 0.004 -22"><span class='ocrx_word' id='word_1_180' title='bbox 395 3346 500 3427; x_wconf 72' lang='lat' dir='ltr'>lgitur</span> <span class='ocrx_word' id='word_1_181' title='bbox 532 3344 699 3429; x_wconf 72' lang='lat' dir='ltr'>iugurtha</span> <span class='ocrx_word' id='word_1_182' title='bbox 719 3365 823 3427; x_wconf 85' lang='lat' dir='ltr'>quam</span> <span class='ocrx_word' id='word_1_183' title='bbox 843 3365 1017 3408; x_wconf 73' lang='lat' dir='ltr'>maxumas</span> <span class='ocrx_word' id='word_1_184' title='bbox 1044 3357 1158 3428; x_wconf 84' lang='lat' dir='ltr'>potest</span> <span class='ocrx_word' id='word_1_185' title='bbox 1185 3369 1245 3410; x_wconf 86' lang='lat' dir='ltr'>co·</span> 
     </span>
     <span class='ocr_line' id='line_1_33' title="bbox 299 3441 1248 3531; baseline -0.002 -21"><span class='ocrx_word' id='word_1_186' title='bbox 299 3449 374 3531; x_wconf 84' lang='lat' dir='ltr'>pias</span> <span class='ocrx_word' id='word_1_187' title='bbox 394 3456 524 3510; x_wconf 60' lang='lat' dir='ltr'>armata</span> <span class='ocrx_word' id='word_1_188' title='bbox 551 3441 644 3504; x_wconf 81' lang='lat' dir='ltr'>urbis</span> <span class='ocrx_word' id='word_1_189' title='bbox 667 3444 788 3525; x_wconf 86' lang='lat' dir='ltr'>partlm</span> <span class='ocrx_word' id='word_1_190' title='bbox 807 3445 859 3521; x_wconf 74' lang='lat' dir='ltr'>ri,</span> <span class='ocrx_word' id='word_1_191' title='bbox 881 3443 964 3506; x_wconf 74' lang='lat' dir='ltr'>alia‘r</span> <span class='ocrx_word' id='word_1_192' title='bbox 985 3444 1163 3508; x_wconf 78' lang='lat' dir='ltr'>voluntate</span> <span class='ocrx_word' id='word_1_193' title='bbox 1181 3447 1248 3508; x_wconf 89' lang='lat' dir='ltr'>im·</span> 
     </span>
     <span class='ocr_line' id='line_1_34' title="bbox 303 3539 1259 3631; baseline -0.004 -26"><span class='ocrx_word' id='word_1_194' title='bbox 303 3543 408 3631; x_wconf 83' lang='lat' dir='ltr'>perio</span> <span class='ocrx_word' id='word_1_195' title='bbox 434 3566 495 3606; x_wconf 87' lang='lat' dir='ltr'>suo</span> <span class='ocrx_word' id='word_1_196' title='bbox 528 3542 710 3628; x_wconf 84' lang='lat' dir='ltr'>adjungit:</span> <span class='ocrx_word' id='word_1_197' title='bbox 737 3543 831 3603; x_wconf 83' lang='lat' dir='ltr'>omni</span> <span class='ocrx_word' id='word_1_198' title='bbox 859 3539 1259 3626; x_wconf 56' lang='lat' dir='ltr'>Numidiamirrgperare.</span> 
     </span>
    </p>

    <p class='ocr_par' dir='ltr' id='par_1_10' title="bbox 199 3630 1253 3734">
     <span class='ocr_line' id='line_1_35' title="bbox 199 3630 1253 3734; baseline -0.001 -26"><span class='ocrx_word' id='word_1_199' title='bbox 199 3645 236 3657; x_wconf 71' lang='grc'>”’</span> <span class='ocrx_word' id='word_1_200' title='bbox 302 3655 412 3734; x_wconf 85' lang='lat' dir='ltr'>parat.</span> <span class='ocrx_word' id='word_1_201' title='bbox 438 3639 637 3711; x_wconf 81' lang='lat' dir='ltr'>Adherbal,</span> <span class='ocrx_word' id='word_1_202' title='bbox 660 3641 796 3705; x_wconf 83' lang='lat' dir='ltr'>tametsi</span> <span class='ocrx_word' id='word_1_203' title='bbox 822 3637 964 3706; x_wconf 82' lang='lat' dir='ltr'>Romam</span> <span class='ocrx_word' id='word_1_204' title='bbox 990 3642 1122 3728; x_wconf 82' lang='lat' dir='ltr'>legatos</span> <span class='ocrx_word' id='word_1_205' title='bbox 1146 3630 1253 3711; x_wconf 78' lang='lat' dir='ltr'>tulte-¹</span> 
     </span>
    </p>
   </div>
   <div class='ocr_carea' id='block_1_3' title="bbox 0 0 1294 4492">
    <p class='ocr_par' dir='ltr' id='par_1_11' title="bbox 0 0 1294 4492">
     <span class='ocr_line' id='line_1_36' title="bbox 0 0 1294 4492; baseline 0 0"><span class='ocrx_word' id='word_1_206' title='bbox 0 0 1294 4492; x_wconf 95' lang='lat' dir='ltr'> </span> 
     </span>
    </p>
   </div>
  </div>
 </body>
</html>
