2580 4492
309 250 373 336 ‚¹
514 254 737 351 .-7.·118
804 214 902 311 .-Ι

252 442 390 515 tuere,
415 432 522 520 pauci
541 428 682 522 integri,
707 453 831 520 magna
852 426 930 518 para
959 427 1114 501 coniecti
1138 426 1217 496 vol·

271 530 418 596 neribus
452 532 595 596 abeunt.
636 530 799 614 Denique
827 531 1006 613 utrimque
1044 528 1218 614 prael-ium

271 648 341 694 nox
369 628 523 693 diremit.

200 723 249 793 61·
368 727 555 804 Metellus,
566 693 757 810 postquam
773 724 1035 821 videtirust'ra
1023 694 1222 811 inceptum,

271 846 391 911 neque
419 823 590 911 oppidum
619 823 720 913 capi,
748 845 865 911 neque
893 824 1126 915 Jugurtham‚
1151 823 1221 889 nisi

272 945 314 988 ex
342 921 500 1003 insidiis,
526 934 585 987 aut
608 941 672 986 suo
699 920 791 1000 loco,
823 945 978 1010 pugnam
1003 920 1154 1001 facere,
1183 932 1228 984 et.

211 1010 214 1015 ’
271 1024 342 1103 jam
370 1017 533 1087 aestatem
556 1015 708 1085 exactam
730 1012 891 1100 esse,'ab
919 1020 1021 1087 Zama
1039 1018 1216 1084 discedit:

270 1130 306 1182 et
322 1117 360 1181 in
376 1119 429 1184 his
455 1119 625 1195 urbibus,
645 1122 735 1201 quae
761 1143 779 1183 a
801 1139 888 1212 rege
908 1119 1139 1196 defecerant,
1168 1138 1217 1182 sa·

268 1219 385 1300 tisque
405 1217 562 1280 munitae
579 1214 678 1293 1000,
693 1230 751 1284 aut
766 1218 951 1285 moenibus
974 1228 1093 1304 erant,
1111 1235 1214 1298 prae·

211 1378 216 1387 ,
267 1313 357 1380 sidia
385 1315 547 1400 imponit.
574 1312 737 1378 Ceterum
765 1313 1019 1381 exereitumsin
1037 1315 1216 1398 provinci-

157 1452 162 1462 .
270 1433 337 1491 am,
362 1434 452 1497 quae
465 1431 631 1498 proxuma
647 1426 698 1478 est
714 1400 912 1494 Numidiae,
928 1409 1108 1477 hiemandi
1132 1430 1211 1499 gra·

272 1511 321 1574 tia
348 1511 507 1575 collocat.

367 1604 493 1692 Neque
521 1604 559 1671 id
576 1620 734 1692 tempus,
761 1627 802 1671 ex
818 1605 966 1672 aliorum
983 1627 1081 1668 more
1098 1652 1109 1684 ,
1136 1607 1216 1691 qui·

272 1707 321 1769 eti
343 1719 402 1770 aut
418 1705 579 1770 luxuriae
594 1696 783 1769 concedit:
811 1696 872 1770 sed
888 1749 898 1785 ,
917 1702 1085 1789 quoniam
1106 1705 1215 1770 armis

267 1803 406 1871 bellum
440 1825 562 1889 parum
596 1802 835 1888 procedebat,
871 1800 1013 1867 insidias
1041 1797 1118 1887 regi
1147 1821 1216 1890 per

268 1904 399 1968 amicos
430 1900 599 1982 tendere,
632 1910 667 1966 et
695 1922 817 1967 eorum
846 1897 990 1986 perfidia
1012 1919 1079 1982 pro
1108 1899 1214 1966 armis
1241 1905 1244 1909 ’

268 2003 320 2062 uti
370 2011 453 2064 arat.

344 2025 475 2182 pigitur
500 2095 752 2174 Bomilcarem,
786 2084 876 2177 qui
880 2093 1012 2157 Romae
1041 2115 1124 2158 cum
1148 2093 1215 2158 Ju-

267 2193 391 2281 gurtba
421 2193 557 2282 fuerat,
582 2203 617 2255 et
648 2191 752 2269 inde,
786 2178 931 2263 vadibus
968 2192 1100 2272 datis,
1120 2192 1212 2256 clam
1248 2244 1250 2251 .

265 2293 433 2357 Massivae
468 2288 514 2354 d'e
548 2311 637 2354 nece
661 2289 838 2369 judicium
861 2287 926 2352 fue
904 2301 1029 2378 gerat,
1054 2290 1177 2377 quod
1176 2289 1213 2354 ei
1253 2269 1256 2295 Ὗ

265 2411 331 2474 per
347 2410 542 2453 maxumam
558 2388 747 2451 amicitiam
768 2409 926 2453 maxuma
953 2389 1054 2474 copia
1080 2370 1211 2453 fallen·

157 2551 162 2559 ,
266 2487 419 2564 dierat,
444 2478 565 2550 multis
582 2485 898 2576 pollicitationibus
915 2486 1144 2572 adgreditur5
1170 2509 1211 2553 ao
1239 2477 1242 2483 ¹

173 2572 176 2591 '
264 2583 380 2668 primo
406 2583 534 2658 allicit,
560 2583 611 2646 utr
626 2584 671 2649 ad
699 2605 735 2647 se
761 2584 1000 2668 colloquendi
1015 2585 1122 2679 gratia
1147 2608 1209 2650 oc-

265 2681 380 2747 cultus
404 2683 538 2748 veniat=
569 2681 653 2745 dein
668 2682 738 2744 fide
764 2670 861 2761 data,
889 2682 919 2746 si
937 2674 1190 2772 iugurtham
1159 2705 1209 2747 vr·

248 2796 341 2846 vum
357 2793 415 2846 aut
440 2792 603 2846 necatum
626 2779 863 2861 tradidisset,
874 2780 973 2860 fore,
997 2781 1049 2845 utr
1053 2782 1122 2847 tllr
1148 2781 1208 2848 Se·
1253 2824 1257 2829 -

266 2890 367 2944 uatus
386 2877 665 2966 fimpunitatem,
689 2890 724 2941 et
747 2896 807 2942 sua
834 2878 951 2947 omnia
980 2881 1214 2962 concederet,

265 2977 373 3039 facile
383 2973 554 3040 Numidae
563 2975 762 3059 persuadet,
783 2967 891 3068 quum
911 2977 1060 3066 ingenio
1077 2978 1211 3070 infido,

262 3072 553 3152 tumrmetuenti,
578 3093 644 3151 ne,
669 3073 700 3139 si
724 3094 790 3156 pax
808 3093 889 3138 cum
904 3074 1068 3144 Romanis
1087 3076 1209 3156 lieret,

262 3169 422 3280 ipseper
448 3170 667 3236 conditiones
693 3172 737 3237 ad
761 3171 976 3257 supplicium
995 3174 1208 3248 traderetur
1224 3188 1227 3196 '

191 3268 252 3337 62.
333 3267 411 3346 is,
435 3267 497 3332 ubi
522 3265 675 3383 primum
702 3285 960 3355 opportunum,
995 3273 1206 3360 Jugurtham

265 3366 406 3431 anxium
435 3389 475 3432 ae
500 3362 722 3432 miserantem
750 3369 937 3436 fortunas
934 3391 1012 3435 suas
1045 3371 1209 3436 accedit·

197 3494 200 3499 ·
262 3479 384 3560 monet
403 3456 508 3550 atque
526 3468 722 3534 lacrumans
737 3465 947 3551 obtestatur,
968 3471 1021 3536 uti
1047 3470 1207 3558 aliquan·
