<?xml version="1.0" encoding="UTF-8"?>
<!DOCTYPE html PUBLIC "-//W3C//DTD XHTML 1.0 Transitional//EN"
    "http://www.w3.org/TR/xhtml1/DTD/xhtml1-transitional.dtd">
<html xmlns="http://www.w3.org/1999/xhtml" xml:lang="en" lang="en">
 <head>
  <title>
</title>
<meta http-equiv="Content-Type" content="text/html;charset=utf-8" />
  <meta name='ocr-system' content='tesseract 3.04.00' />
  <meta name='ocr-capabilities' content='ocr_page ocr_carea ocr_par ocr_line ocrx_word'/>
</head>
<body>
  <div class='ocr_page' id='page_1' title='image "./operasmmtlichew00sallgoog_0194.png"; bbox 0 0 2580 4492; ppageno 0'>
   <div class='ocr_carea' id='block_1_1' title="bbox 482 167 902 319">
    <p class='ocr_par' dir='ltr' id='par_1_1' title="bbox 482 167 902 319">
     <span class='ocr_line' id='line_1_1' title="bbox 482 167 902 319; baseline 0.002 -36"><span class='ocrx_word' id='word_1_1' title='bbox 482 167 804 284; x_wconf 48' lang='lat' dir='ltr'>Lass-</span> <span class='ocrx_word' id='word_1_2' title='bbox 867 196 902 319; x_wconf 59' lang='lat' dir='ltr'>J</span> 
     </span>
    </p>
   </div>
   <div class='ocr_carea' id='block_1_2' title="bbox 80 392 1235 3766">
    <p class='ocr_par' dir='ltr' id='par_1_2' title="bbox 80 392 1235 3757">
     <span class='ocr_line' id='line_1_2' title="bbox 91 392 1151 488; baseline 0.008 -27"><span class='ocrx_word' id='word_1_3' title='bbox 91 476 92 481; x_wconf 5' lang='grc' dir='ltr'>ἵ</span> <span class='ocrx_word' id='word_1_4' title='bbox 294 398 405 488; x_wconf 80' lang='lat' dir='ltr'>igitur</span> <span class='ocrx_word' id='word_1_5' title='bbox 428 392 536 467; x_wconf 89' lang='lat' dir='ltr'>simul</span> <span class='ocrx_word' id='word_1_6' title='bbox 559 398 694 466; x_wconf 85' lang='lat' dir='ltr'>Consul</span> <span class='ocrx_word' id='word_1_7' title='bbox 718 417 761 463; x_wconf 79' lang='lat' dir='ltr'>ex</span> <span class='ocrx_word' id='word_1_8' title='bbox 780 393 901 464; x_wconf 89' lang='lat' dir='ltr'>multis</span> <span class='ocrx_word' id='word_1_9' title='bbox 920 395 966 464; x_wconf 87' lang='lat' dir='ltr'>de</span> <span class='ocrx_word' id='word_1_10' title='bbox 990 399 1151 469; x_wconf 77' lang='lat' dir='ltr'>bostium</span> 
     </span>
     <span class='ocr_line' id='line_1_3' title="bbox 80 495 1150 589; baseline 0.003 -26"><span class='ocrx_word' id='word_1_11' title='bbox 80 562 84 569; x_wconf 86' lang='grc'><em>,</em></span> <span class='ocrx_word' id='word_1_12' title='bbox 195 495 348 563; x_wconf 84' lang='lat' dir='ltr'>adventu</span> <span class='ocrx_word' id='word_1_13' title='bbox 373 502 557 589; x_wconf 82' lang='lat' dir='ltr'>cognovit,</span> <span class='ocrx_word' id='word_1_14' title='bbox 571 512 606 565; x_wconf 89' lang='lat' dir='ltr'>et</span> <span class='ocrx_word' id='word_1_15' title='bbox 621 499 689 583; x_wconf 91' lang='lat' dir='ltr'>ipsi</span> <span class='ocrx_word' id='word_1_16' title='bbox 705 498 823 567; x_wconf 82' lang='lat' dir='ltr'>hostes</span> <span class='ocrx_word' id='word_1_17' title='bbox 839 497 1002 581; x_wconf 85' lang='lat' dir='ltr'>aderant,</span> <span class='ocrx_word' id='word_1_18' title='bbox 1022 515 1058 566; x_wconf 89' lang='lat' dir='ltr'>et</span> <span class='ocrx_word' id='word_1_19' title='bbox 1072 501 1150 587; x_wconf 84' lang='lat' dir='ltr'>psi·</span> 
     </span>
     <span class='ocr_line' id='line_1_4' title="bbox 192 596 1153 684; baseline 0.004 -24"><span class='ocrx_word' id='word_1_20' title='bbox 192 616 345 684; x_wconf 80' lang='lat' dir='ltr'>usquam</span> <span class='ocrx_word' id='word_1_21' title='bbox 365 600 539 680; x_wconf 71' lang='lat' dir='ltr'>exercitus</span> <span class='ocrx_word' id='word_1_22' title='bbox 569 610 629 664; x_wconf 86' lang='lat' dir='ltr'>aut</span> <span class='ocrx_word' id='word_1_23' title='bbox 650 596 806 681; x_wconf 83' lang='lat' dir='ltr'>instrui,</span> <span class='ocrx_word' id='word_1_24' title='bbox 821 611 881 664; x_wconf 85' lang='lat' dir='ltr'>aut</span> <span class='ocrx_word' id='word_1_25' title='bbox 896 599 1062 668; x_wconf 84' lang='lat' dir='ltr'>sarcinas</span> <span class='ocrx_word' id='word_1_26' title='bbox 1075 601 1153 665; x_wconf 89' lang='lat' dir='ltr'>col·</span> 
     </span>
     <span class='ocr_line' id='line_1_5' title="bbox 193 692 1152 786; baseline 0.008 -28"><span class='ocrx_word' id='word_1_27' title='bbox 193 696 334 785; x_wconf 76' lang='lat' dir='ltr'>ligere,</span> <span class='ocrx_word' id='word_1_28' title='bbox 360 692 518 784; x_wconf 85' lang='lat' dir='ltr'>denique</span> <span class='ocrx_word' id='word_1_29' title='bbox 543 711 734 783; x_wconf 85' lang='lat' dir='ltr'>antequam</span> <span class='ocrx_word' id='word_1_30' title='bbox 763 696 923 786; x_wconf 84' lang='lat' dir='ltr'>signum,</span> <span class='ocrx_word' id='word_1_31' title='bbox 951 711 1012 767; x_wconf 93' lang='lat' dir='ltr'>aut</span> <span class='ocrx_word' id='word_1_32' title='bbox 1037 700 1152 785; x_wconf 87' lang='lat' dir='ltr'>impe·</span> 
     </span>
     <span class='ocr_line' id='line_1_6' title="bbox 183 795 1152 895; baseline 0.002 -35"><span class='ocrx_word' id='word_1_33' title='bbox 183 795 291 860; x_wconf 78' lang='lat' dir='ltr'>‘rium</span> <span class='ocrx_word' id='word_1_34' title='bbox 308 795 424 859; x_wconf 92' lang='lat' dir='ltr'>ullum</span> <span class='ocrx_word' id='word_1_35' title='bbox 452 797 614 882; x_wconf 81' lang='lat' dir='ltr'>accipere</span> <span class='ocrx_word' id='word_1_36' title='bbox 638 795 771 895; x_wconf 77' lang='lat' dir='ltr'>quisit,</span> <span class='ocrx_word' id='word_1_37' title='bbox 799 796 936 882; x_wconf 87' lang='lat' dir='ltr'>equites</span> <span class='ocrx_word' id='word_1_38' title='bbox 954 798 1075 864; x_wconf 82' lang='lat' dir='ltr'>Mauri</span> <span class='ocrx_word' id='word_1_39' title='bbox 1099 811 1152 864; x_wconf 88' lang='lat' dir='ltr'>at·</span> 
     </span>
     <span class='ocr_line' id='line_1_7' title="bbox 195 895 1151 982; baseline 0.008 -26"><span class='ocrx_word' id='word_1_40' title='bbox 195 915 266 978; x_wconf 91' lang='lat' dir='ltr'>que</span> <span class='ocrx_word' id='word_1_41' title='bbox 293 895 455 974; x_wconf 82' lang='lat' dir='ltr'>Gaetuli,</span> <span class='ocrx_word' id='word_1_42' title='bbox 471 916 546 959; x_wconf 88' lang='lat' dir='ltr'>non</span> <span class='ocrx_word' id='word_1_43' title='bbox 571 895 668 976; x_wconf 75' lang='lat' dir='ltr'>acic,</span> <span class='ocrx_word' id='word_1_44' title='bbox 692 914 813 980; x_wconf 82' lang='lat' dir='ltr'>neque</span> <span class='ocrx_word' id='word_1_45' title='bbox 835 895 912 960; x_wconf 91' lang='lat' dir='ltr'>ullo</span> <span class='ocrx_word' id='word_1_46' title='bbox 929 912 1027 961; x_wconf 87' lang='lat' dir='ltr'>more</span> <span class='ocrx_word' id='word_1_47' title='bbox 1045 918 1151 982; x_wconf 83' lang='lat' dir='ltr'>prae·</span> 
     </span>
     <span class='ocr_line' id='line_1_8' title="bbox 194 992 1154 1086; baseline 0.004 -28"><span class='ocrx_word' id='word_1_48' title='bbox 194 992 260 1074; x_wconf 87' lang='lat' dir='ltr'>lii,</span> <span class='ocrx_word' id='word_1_49' title='bbox 283 993 347 1061; x_wconf 85' lang='lat' dir='ltr'>sed</span> <span class='ocrx_word' id='word_1_50' title='bbox 372 993 592 1076; x_wconf 86' lang='lat' dir='ltr'>catervatim,</span> <span class='ocrx_word' id='word_1_51' title='bbox 611 995 666 1061; x_wconf 91' lang='lat' dir='ltr'>uti</span> <span class='ocrx_word' id='word_1_52' title='bbox 684 1013 846 1080; x_wconf 84' lang='lat' dir='ltr'>quosque</span> <span class='ocrx_word' id='word_1_53' title='bbox 867 993 940 1062; x_wconf 77' lang='lat' dir='ltr'>fors</span> <span class='ocrx_word' id='word_1_54' title='bbox 959 995 1154 1086; x_wconf 85' lang='lat' dir='ltr'>congloba-</span> 
     </span>
     <span class='ocr_line' id='line_1_9' title="bbox 192 1091 1152 1187; baseline 0.003 -30"><span class='ocrx_word' id='word_1_55' title='bbox 192 1104 310 1171; x_wconf 77' lang='lat' dir='ltr'>verat,</span> <span class='ocrx_word' id='word_1_56' title='bbox 333 1091 375 1156; x_wconf 89' lang='lat' dir='ltr'>in</span> <span class='ocrx_word' id='word_1_57' title='bbox 392 1106 527 1174; x_wconf 76' lang='lat' dir='ltr'>nostros</span> <span class='ocrx_word' id='word_1_58' title='bbox 543 1106 773 1187; x_wconf 81' lang='lat' dir='ltr'>concurrunt.</span> <span class='ocrx_word' id='word_1_59' title='bbox 808 1092 880 1172; x_wconf 88' lang='lat' dir='ltr'>Qui</span> <span class='ocrx_word' id='word_1_60' title='bbox 901 1115 1023 1160; x_wconf 88' lang='lat' dir='ltr'>omnes</span> <span class='ocrx_word' id='word_1_61' title='bbox 1040 1096 1152 1182; x_wconf 82' lang='lat' dir='ltr'>trepi-</span> 
     </span>
     <span class='ocr_line' id='line_1_10' title="bbox 195 1178 1235 1286; baseline 0.005 -31"><span class='ocrx_word' id='word_1_62' title='bbox 195 1188 269 1255; x_wconf 87' lang='lat' dir='ltr'>di</span> <span class='ocrx_word' id='word_1_63' title='bbox 257 1184 448 1281; x_wconf 76' lang='lat' dir='ltr'>improviso</span> <span class='ocrx_word' id='word_1_64' title='bbox 467 1178 587 1275; x_wconf 84' lang='lat' dir='ltr'>metu,</span> <span class='ocrx_word' id='word_1_65' title='bbox 608 1207 653 1261; x_wconf 80' lang='grc' dir='ltr'>ιιι</span> <span class='ocrx_word' id='word_1_66' title='bbox 669 1181 790 1259; x_wconf 83' lang='lat' dir='ltr'>tamen</span> <span class='ocrx_word' id='word_1_67' title='bbox 805 1191 942 1259; x_wconf 84' lang='lat' dir='ltr'>virtutis</span> <span class='ocrx_word' id='word_1_68' title='bbox 960 1214 1158 1286; x_wconf 75' lang='lat' dir='ltr'>memqres,</span> <span class='ocrx_word' id='word_1_69' title='bbox 1231 1216 1235 1223; x_wconf 90' lang='lat'><strong>·</strong></span> 
     </span>
     <span class='ocr_line' id='line_1_11' title="bbox 144 1288 1155 1383; baseline 0.003 -28"><span class='ocrx_word' id='word_1_70' title='bbox 144 1302 150 1309; x_wconf 84' lang='lat'><strong><em>‘</em></strong></span> <span class='ocrx_word' id='word_1_71' title='bbox 196 1301 258 1355; x_wconf 85' lang='lat' dir='ltr'>aut</span> <span class='ocrx_word' id='word_1_72' title='bbox 272 1288 367 1357; x_wconf 84' lang='lat' dir='ltr'>arina</span> <span class='ocrx_word' id='word_1_73' title='bbox 383 1291 592 1379; x_wconf 74' lang='lat' dir='ltr'><strong>capiebant,</strong></span> <span class='ocrx_word' id='word_1_74' title='bbox 610 1304 670 1358; x_wconf 82' lang='lat' dir='ltr'>aut</span> <span class='ocrx_word' id='word_1_75' title='bbox 690 1291 861 1383; x_wconf 78' lang='lat' dir='ltr'>sapientis</span> <span class='ocrx_word' id='word_1_76' title='bbox 877 1290 963 1357; x_wconf 89' lang='lat' dir='ltr'>alios</span> <span class='ocrx_word' id='word_1_77' title='bbox 981 1292 1025 1356; x_wconf 89' lang='lat' dir='ltr'>ab</span> <span class='ocrx_word' id='word_1_78' title='bbox 1042 1295 1155 1359; x_wconf 85' lang='lat' dir='ltr'>bosti-</span> 
     </span>
     <span class='ocr_line' id='line_1_12' title="bbox 193 1386 1153 1478; baseline 0.006 -25"><span class='ocrx_word' id='word_1_79' title='bbox 193 1386 262 1453; x_wconf 86' lang='lat' dir='ltr'>bus</span> <span class='ocrx_word' id='word_1_80' title='bbox 279 1387 531 1458; x_wconf 76' lang='lat' dir='ltr'><strong>defensabant:</strong></span> <span class='ocrx_word' id='word_1_81' title='bbox 546 1411 626 1478; x_wconf 85' lang='lat' dir='ltr'>pars</span> <span class='ocrx_word' id='word_1_82' title='bbox 645 1391 986 1475; x_wconf 80' lang='lat' dir='ltr'>equosescendcse,</span> <span class='ocrx_word' id='word_1_83' title='bbox 1014 1393 1153 1459; x_wconf 83' lang='lat' dir='ltr'>obviam</span> 
     </span>
     <span class='ocr_line' id='line_1_13' title="bbox 178 1487 1154 1578; baseline 0.006 -28"><span class='ocrx_word' id='word_1_84' title='bbox 178 1487 248 1551; x_wconf 82' lang='lat' dir='ltr'>ire</span> <span class='ocrx_word' id='word_1_85' title='bbox 281 1489 471 1554; x_wconf 76' lang='lat' dir='ltr'>hostibus:</span> <span class='ocrx_word' id='word_1_86' title='bbox 496 1511 621 1578; x_wconf 71' lang='lat' dir='ltr'>pugna</span> <span class='ocrx_word' id='word_1_87' title='bbox 655 1490 842 1555; x_wconf 83' lang='lat' dir='ltr'>latrocinio</span> <span class='ocrx_word' id='word_1_88' title='bbox 868 1489 1006 1577; x_wconf 82' lang='lat' dir='ltr'>magis,</span> <span class='ocrx_word' id='word_1_89' title='bbox 1044 1512 1154 1574; x_wconf 85' lang='lat' dir='ltr'>quam</span> 
     </span>
     <span class='ocr_line' id='line_1_14' title="bbox 192 1582 1203 1675; baseline 0.008 -27"><span class='ocrx_word' id='word_1_90' title='bbox 192 1582 333 1672; x_wconf 81' lang='lat' dir='ltr'>praelio</span> <span class='ocrx_word' id='word_1_91' title='bbox 356 1586 482 1654; x_wconf 87' lang='lat' dir='ltr'>similis</span> <span class='ocrx_word' id='word_1_92' title='bbox 506 1588 605 1652; x_wconf 76' lang='lat' dir='ltr'>liert:</span> <span class='ocrx_word' id='word_1_93' title='bbox 624 1587 701 1654; x_wconf 90' lang='lat' dir='ltr'>sine</span> <span class='ocrx_word' id='word_1_94' title='bbox 721 1586 831 1675; x_wconf 79' lang='lat' dir='ltr'>signis</span> <span class='ocrx_word' id='word_1_95' title='bbox 842 1631 852 1664; x_wconf 94' lang='lat'>,</span> <span class='ocrx_word' id='word_1_96' title='bbox 870 1586 948 1655; x_wconf 84' lang='lat' dir='ltr'>sine</span> <span class='ocrx_word' id='word_1_97' title='bbox 965 1587 1159 1672; x_wconf 69' lang='lat' dir='ltr'>ordinibus</span> <span class='ocrx_word' id='word_1_98' title='bbox 1200 1660 1203 1667; x_wconf 70' lang='lat'><em>,</em></span> 
     </span>
     <span class='ocr_line' id='line_1_15' title="bbox 192 1680 1159 1783; baseline 0.007 -36"><span class='ocrx_word' id='word_1_99' title='bbox 192 1684 356 1770; x_wconf 80' lang='lat' dir='ltr'>equites,</span> <span class='ocrx_word' id='word_1_100' title='bbox 380 1687 519 1773; x_wconf 68' lang='lat' dir='ltr'>pedites</span> <span class='ocrx_word' id='word_1_101' title='bbox 545 1685 729 1783; x_wconf 81' lang='lat' dir='ltr'>permixtis</span> <span class='ocrx_word' id='word_1_102' title='bbox 758 1683 910 1749; x_wconf 78' lang='lat' dir='ltr'>caedere</span> <span class='ocrx_word' id='word_1_103' title='bbox 925 1680 1038 1767; x_wconf 80' lang='lat' dir='ltr'>alios,</span> <span class='ocrx_word' id='word_1_104' title='bbox 1065 1687 1159 1754; x_wconf 83' lang='lat' dir='ltr'>alios</span> 
     </span>
     <span class='ocr_line' id='line_1_16' title="bbox 192 1778 1157 1866; baseline 0.004 -18"><span class='ocrx_word' id='word_1_105' title='bbox 192 1783 429 1865; x_wconf 67' lang='lat' dir='ltr'>obtruncaret</span> <span class='ocrx_word' id='word_1_106' title='bbox 453 1786 602 1866; x_wconf 81' lang='lat' dir='ltr'>multos,</span> <span class='ocrx_word' id='word_1_107' title='bbox 625 1797 748 1853; x_wconf 80' lang='lat' dir='ltr'>contra</span> <span class='ocrx_word' id='word_1_108' title='bbox 762 1778 941 1850; x_wconf 84' lang='lat' dir='ltr'>advorsos</span> <span class='ocrx_word' id='word_1_109' title='bbox 967 1806 1157 1852; x_wconf 80' lang='lat' dir='ltr'>acerrumo</span> 
     </span>
     <span class='ocr_line' id='line_1_17' title="bbox 192 1881 1159 1996; baseline 0.002 -48"><span class='ocrx_word' id='word_1_110' title='bbox 192 1884 403 1996; x_wconf 64' lang='grc' dir='ltr'>ιιιιςιιιιιιιίιἰ</span> <span class='ocrx_word' id='word_1_111' title='bbox 420 1884 464 1951; x_wconf 88' lang='lat' dir='ltr'>ab</span> <span class='ocrx_word' id='word_1_112' title='bbox 480 1898 582 1974; x_wconf 82' lang='lat' dir='ltr'>tergo</span> <span class='ocrx_word' id='word_1_113' title='bbox 598 1881 878 1950; x_wconf 78' lang='lat' dir='ltr'>circumvenire·</span> <span class='ocrx_word' id='word_1_114' title='bbox 867 1903 1016 1966; x_wconf 89' lang='lat' dir='ltr'>ncque</span> <span class='ocrx_word' id='word_1_115' title='bbox 1032 1884 1159 1965; x_wconf 77' lang='lat' dir='ltr'>virtus,</span> 
     </span>
     <span class='ocr_line' id='line_1_18' title="bbox 194 1968 1209 2073; baseline 0.001 -26"><span class='ocrx_word' id='word_1_116' title='bbox 194 2003 317 2068; x_wconf 84' lang='lat' dir='ltr'>nequo</span> <span class='ocrx_word' id='word_1_117' title='bbox 342 1981 437 2050; x_wconf 86' lang='lat' dir='ltr'>arma</span> <span class='ocrx_word' id='word_1_118' title='bbox 463 1985 711 2073; x_wconf 65' lang='lat' dir='ltr'>subtegere,</span> <span class='ocrx_word' id='word_1_119' title='bbox 713 1968 835 2066; x_wconf 87' lang='lat' dir='ltr'>quod</span> <span class='ocrx_word' id='word_1_120' title='bbox 861 1981 979 2047; x_wconf 87' lang='lat' dir='ltr'>hostes</span> <span class='ocrx_word' id='word_1_121' title='bbox 1002 2004 1156 2054; x_wconf 83' lang='lat' dir='ltr'>numero</span> <span class='ocrx_word' id='word_1_122' title='bbox 1206 2054 1209 2072; x_wconf 29' lang='lat'>⁵</span> 
     </span>
     <span class='ocr_line' id='line_1_19' title="bbox 193 2075 1200 2168; baseline 0 -23"><span class='ocrx_word' id='word_1_123' title='bbox 193 2082 316 2166; x_wconf 82' lang='lat' dir='ltr'>plures</span> <span class='ocrx_word' id='word_1_124' title='bbox 342 2094 377 2146; x_wconf 85' lang='lat' dir='ltr'>et</span> <span class='ocrx_word' id='word_1_125' title='bbox 401 2083 565 2168; x_wconf 83' lang='lat' dir='ltr'>undique</span> <span class='ocrx_word' id='word_1_126' title='bbox 584 2079 805 2148; x_wconf 79' lang='lat' dir='ltr'>circumfusi.</span> <span class='ocrx_word' id='word_1_127' title='bbox 821 2075 987 2164; x_wconf 82' lang='lat' dir='ltr'>Denique</span> <span class='ocrx_word' id='word_1_128' title='bbox 1003 2077 1159 2147; x_wconf 82' lang='lat' dir='ltr'>Romani</span> <span class='ocrx_word' id='word_1_129' title='bbox 1199 2111 1200 2114; x_wconf 40' lang='lat'>¹</span> 
     </span>
     <span class='ocr_line' id='line_1_20' title="bbox 193 2175 1169 2274; baseline 0.001 -30"><span class='ocrx_word' id='word_1_130' title='bbox 193 2191 352 2258; x_wconf 81' lang='lat' dir='ltr'>veteres,</span> <span class='ocrx_word' id='word_1_131' title='bbox 385 2179 571 2268; x_wconf 78' lang='lat' dir='ltr'>novique,</span> <span class='ocrx_word' id='word_1_132' title='bbox 605 2193 640 2244; x_wconf 86' lang='lat' dir='ltr'>et</span> <span class='ocrx_word' id='word_1_133' title='bbox 665 2177 711 2241; x_wconf 91' lang='lat' dir='ltr'>ob</span> <span class='ocrx_word' id='word_1_134' title='bbox 738 2197 791 2240; x_wconf 89' lang='lat' dir='ltr'>ea</span> <span class='ocrx_word' id='word_1_135' title='bbox 803 2175 955 2273; x_wconf 81' lang='lat' dir='ltr'>scientes</span> <span class='ocrx_word' id='word_1_136' title='bbox 981 2176 1089 2255; x_wconf 85' lang='lat' dir='ltr'>belli,</span> <span class='ocrx_word' id='word_1_137' title='bbox 1123 2179 1169 2274; x_wconf 28' lang='lat' dir='ltr'>si,</span> 
     </span>
     <span class='ocr_line' id='line_1_21' title="bbox 176 2274 1160 2369; baseline 0 -27"><span class='ocrx_word' id='word_1_138' title='bbox 176 2300 285 2369; x_wconf 86' lang='lat' dir='ltr'>quos</span> <span class='ocrx_word' id='word_1_139' title='bbox 310 2276 431 2359; x_wconf 86' lang='lat' dir='ltr'>locus,</span> <span class='ocrx_word' id='word_1_140' title='bbox 457 2292 517 2345; x_wconf 81' lang='lat' dir='ltr'>aut</span> <span class='ocrx_word' id='word_1_141' title='bbox 542 2297 642 2345; x_wconf 85' lang='lat' dir='ltr'>casus</span> <span class='ocrx_word' id='word_1_142' title='bbox 659 2274 908 2363; x_wconf 77' lang='lat' dir='ltr'>coniunxerat,</span> <span class='ocrx_word' id='word_1_143' title='bbox 927 2275 1038 2341; x_wconf 82' lang='lat' dir='ltr'>orbes</span> <span class='ocrx_word' id='word_1_144' title='bbox 1058 2275 1160 2342; x_wconf 79' lang='lat' dir='ltr'>lace·</span> 
     </span>
     <span class='ocr_line' id='line_1_22' title="bbox 160 2363 1160 2463; baseline 0 -21"><span class='ocrx_word' id='word_1_145' title='bbox 160 2391 253 2445; x_wconf 84' lang='lat' dir='ltr'>re:</span> <span class='ocrx_word' id='word_1_146' title='bbox 277 2390 393 2463; x_wconf 80' lang='lat' dir='ltr'>atquo</span> <span class='ocrx_word' id='word_1_147' title='bbox 411 2379 459 2445; x_wconf 89' lang='lat' dir='ltr'>ita</span> <span class='ocrx_word' id='word_1_148' title='bbox 478 2379 531 2443; x_wconf 82' lang='lat' dir='ltr'>ab</span> <span class='ocrx_word' id='word_1_149' title='bbox 552 2375 715 2441; x_wconf 87' lang='lat' dir='ltr'>omnihus</span> <span class='ocrx_word' id='word_1_150' title='bbox 745 2371 906 2457; x_wconf 83' lang='lat' dir='ltr'>partibus</span> <span class='ocrx_word' id='word_1_151' title='bbox 935 2363 1043 2440; x_wconf 83' lang='lat' dir='ltr'>simul</span> <span class='ocrx_word' id='word_1_152' title='bbox 1069 2377 1160 2442; x_wconf 88' lang='lat' dir='ltr'>tecti</span> 
     </span>
     <span class='ocr_line' id='line_1_23' title="bbox 196 2470 967 2567; baseline -0.008 -27"><span class='ocrx_word' id='word_1_153' title='bbox 196 2489 231 2540; x_wconf 85' lang='lat' dir='ltr'>et</span> <span class='ocrx_word' id='word_1_154' title='bbox 257 2473 421 2539; x_wconf 72' lang='lat' dir='ltr'>instructi</span> <span class='ocrx_word' id='word_1_155' title='bbox 444 2473 601 2567; x_wconf 84' lang='lat' dir='ltr'>bostium</span> <span class='ocrx_word' id='word_1_156' title='bbox 619 2476 690 2556; x_wconf 89' lang='lat' dir='ltr'>vim</span> <span class='ocrx_word' id='word_1_157' title='bbox 710 2470 967 2544; x_wconf 72' lang='lat' dir='ltr'>sustentabant</span> 
     </span>
     <span class='ocr_line' id='line_1_24' title="bbox 93 2571 1207 2661; baseline -0.003 -18"><span class='ocrx_word' id='word_1_158' title='bbox 93 2573 191 2656; x_wconf 78' lang='lat'>¹98¹</span> <span class='ocrx_word' id='word_1_159' title='bbox 294 2571 454 2661; x_wconf 88' lang='lat' dir='ltr'>Neque&#39;</span> <span class='ocrx_word' id='word_1_160' title='bbox 443 2594 483 2660; x_wconf 84' lang='lat' dir='ltr'>m</span> <span class='ocrx_word' id='word_1_161' title='bbox 508 2595 550 2638; x_wconf 86' lang='lat' dir='ltr'>eo</span> <span class='ocrx_word' id='word_1_162' title='bbox 577 2585 651 2639; x_wconf 87' lang='lat' dir='ltr'>tam</span> <span class='ocrx_word' id='word_1_163' title='bbox 677 2588 801 2656; x_wconf 81' lang='lat' dir='ltr'>aspero</span> <span class='ocrx_word' id='word_1_164' title='bbox 824 2571 972 2660; x_wconf 85' lang='lat' dir='ltr'>negotio</span> <span class='ocrx_word' id='word_1_165' title='bbox 1010 2573 1158 2641; x_wconf 76' lang='lat' dir='ltr'>territus</span> <span class='ocrx_word' id='word_1_166' title='bbox 1204 2650 1207 2656; x_wconf 47' lang='grc'><strong><em>,</em></strong></span> 
     </span>
     <span class='ocr_line' id='line_1_25' title="bbox 182 2669 1159 2778; baseline -0.007 -40"><span class='ocrx_word' id='word_1_167' title='bbox 182 2670 351 2755; x_wconf 79' lang='lat' dir='ltr'>Masius,</span> <span class='ocrx_word' id='word_1_168' title='bbox 380 2684 439 2736; x_wconf 91' lang='lat' dir='ltr'>aut</span> <span class='ocrx_word' id='word_1_169' title='bbox 463 2674 596 2764; x_wconf 75' lang='lat' dir='ltr'>magis,</span> <span class='ocrx_word' id='word_1_170' title='bbox 623 2682 873 2778; x_wconf 69' lang='lat' dir='ltr'>quamunitas,</span> <span class='ocrx_word' id='word_1_171' title='bbox 899 2669 1052 2734; x_wconf 86' lang='lat' dir='ltr'>demisso</span> <span class='ocrx_word' id='word_1_172' title='bbox 1079 2672 1159 2736; x_wconf 88' lang='lat' dir='ltr'>ani.</span> 
     </span>
     <span class='ocr_line' id='line_1_26' title="bbox 192 2766 1158 2867; baseline 0 -31"><span class='ocrx_word' id='word_1_173' title='bbox 192 2793 253 2836; x_wconf 89' lang='lat' dir='ltr'>mo</span> <span class='ocrx_word' id='word_1_174' title='bbox 268 2770 355 2851; x_wconf 81' lang='lat' dir='ltr'>fuit·</span> <span class='ocrx_word' id='word_1_175' title='bbox 361 2772 437 2843; x_wconf 90' lang='lat' dir='ltr'>sed</span> <span class='ocrx_word' id='word_1_176' title='bbox 463 2795 546 2837; x_wconf 87' lang='lat' dir='ltr'>oum</span> <span class='ocrx_word' id='word_1_177' title='bbox 568 2775 682 2835; x_wconf 84' lang='lat' dir='ltr'>turma</span> <span class='ocrx_word' id='word_1_178' title='bbox 699 2766 760 2834; x_wconf 85' lang='lat' dir='ltr'>s&#39;ua</span> <span class='ocrx_word' id='word_1_179' title='bbox 771 2811 782 2846; x_wconf 94' lang='lat'><strong>,</strong></span> <span class='ocrx_word' id='word_1_180' title='bbox 799 2789 906 2852; x_wconf 90' lang='lat' dir='ltr'>quam</span> <span class='ocrx_word' id='word_1_181' title='bbox 934 2790 978 2867; x_wconf 64' lang='grc' dir='ltr'>ιι</span> <span class='ocrx_word' id='word_1_182' title='bbox 991 2768 1158 2836; x_wconf 84' lang='lat' dir='ltr'>fortissu-</span> 
     </span>
     <span class='ocr_line' id='line_1_27' title="bbox 152 2867 1159 2960; baseline -0.002 -23"><span class='ocrx_word' id='word_1_183' title='bbox 152 2917 156 2927; x_wconf 67' lang='grc'><strong><em>«</em></strong></span> <span class='ocrx_word' id='word_1_184' title='bbox 191 2871 260 2937; x_wconf 87' lang='lat' dir='ltr'>mis</span> <span class='ocrx_word' id='word_1_185' title='bbox 276 2872 405 2960; x_wconf 81' lang='lat' dir='ltr'>magis,</span> <span class='ocrx_word' id='word_1_186' title='bbox 420 2892 530 2957; x_wconf 85' lang='lat' dir='ltr'>quam</span> <span class='ocrx_word' id='word_1_187' title='bbox 548 2867 861 2945; x_wconf 81' lang='lat' dir='ltr'>familiarissumis,</span> <span class='ocrx_word' id='word_1_188' title='bbox 879 2881 1092 2953; x_wconf 85' lang='lat' dir='ltr'>paraverat,</span> <span class='ocrx_word' id='word_1_189' title='bbox 1097 2892 1159 2935; x_wconf 77' lang='lat' dir='ltr'>va·</span> 
     </span>
     <span class='ocr_line' id='line_1_28' title="bbox 194 2946 1221 3060; baseline -0.003 -25"><span class='ocrx_word' id='word_1_190' title='bbox 194 2968 272 3060; x_wconf 76' lang='lat' dir='ltr'>gaci</span> <span class='ocrx_word' id='word_1_191' title='bbox 285 2969 436 3057; x_wconf 78' lang='lat' dir='ltr'>passim3</span> <span class='ocrx_word' id='word_1_192' title='bbox 464 2991 504 3034; x_wconf 91' lang='lat' dir='ltr'>ac</span> <span class='ocrx_word' id='word_1_193' title='bbox 521 2946 629 3033; x_wconf 75' lang='lat' dir='ltr'>modo</span> <span class='ocrx_word' id='word_1_194' title='bbox 652 2964 894 3034; x_wconf 85' lang='lat' dir='ltr'>laborantibus</span> <span class='ocrx_word' id='word_1_195' title='bbox 913 2967 985 3032; x_wconf 87' lang='lat' dir='ltr'>suis</span> <span class='ocrx_word' id='word_1_196' title='bbox 1001 2988 1154 3034; x_wconf 86' lang='lat' dir='ltr'>sucour·</span> <span class='ocrx_word' id='word_1_197' title='bbox 1219 3035 1221 3040; x_wconf 72' lang='grc'><strong>,</strong></span> 
     </span>
     <span class='ocr_line' id='line_1_29' title="bbox 143 3064 1155 3150; baseline -0.001 -17"><span class='ocrx_word' id='word_1_198' title='bbox 143 3144 144 3148; x_wconf 10' lang='lat'>¹</span> <span class='ocrx_word' id='word_1_199' title='bbox 196 3089 309 3150; x_wconf 80' lang='lat' dir='ltr'>rere,</span> <span class='ocrx_word' id='word_1_200' title='bbox 333 3066 440 3133; x_wconf 88' lang='lat' dir='ltr'>modo</span> <span class='ocrx_word' id='word_1_201' title='bbox 453 3066 594 3148; x_wconf 84' lang='lat' dir='ltr'>hostis,</span> <span class='ocrx_word' id='word_1_202' title='bbox 617 3066 681 3133; x_wconf 92' lang='lat' dir='ltr'>ubi</span> <span class='ocrx_word' id='word_1_203' title='bbox 708 3064 984 3131; x_wconf 82' lang='lat' dir='ltr'>confertissumi</span> <span class='ocrx_word' id='word_1_204' title='bbox 1006 3067 1155 3135; x_wconf 88' lang='lat' dir='ltr'>obstite-</span> 
     </span>
     <span class='ocr_line' id='line_1_30' title="bbox 195 3163 1235 3250; baseline 0 -20"><span class='ocrx_word' id='word_1_205' title='bbox 195 3166 293 3246; x_wconf 74' lang='lat' dir='ltr'>rant,</span> <span class='ocrx_word' id='word_1_206' title='bbox 318 3167 530 3232; x_wconf 86' lang='lat' dir='ltr'>invadere:</span> <span class='ocrx_word' id='word_1_207' title='bbox 524 3186 631 3232; x_wconf 88' lang='lat' dir='ltr'>manu</span> <span class='ocrx_word' id='word_1_208' title='bbox 652 3165 840 3231; x_wconf 79' lang='lat' dir='ltr'>consulere</span> <span class='ocrx_word' id='word_1_209' title='bbox 856 3163 1047 3246; x_wconf 85' lang='lat' dir='ltr'>militibus,</span> <span class='ocrx_word' id='word_1_210' title='bbox 1063 3187 1157 3250; x_wconf 90' lang='lat' dir='ltr'>quo·</span> <span class='ocrx_word' id='word_1_211' title='bbox 1231 3210 1235 3216; x_wconf 88' lang='lat'>-</span> 
     </span>
     <span class='ocr_line' id='line_1_31' title="bbox 144 3260 1183 3376; baseline 0.002 -48"><span class='ocrx_word' id='word_1_212' title='bbox 144 3260 147 3267; x_wconf 71' lang='grc'><em>’</em></span> <span class='ocrx_word' id='word_1_213' title='bbox 195 3266 292 3331; x_wconf 82' lang='grc' dir='ltr'><strong>ιιίιιιι</strong></span> <span class='ocrx_word' id='word_1_214' title='bbox 325 3266 500 3353; x_wconf 83' lang='lat' dir='ltr'>imperare</span> <span class='ocrx_word' id='word_1_215' title='bbox 534 3263 751 3376; x_wconf 83' lang='lat' dir='ltr'>conturbatis</span> <span class='ocrx_word' id='word_1_216' title='bbox 777 3262 940 3329; x_wconf 89' lang='lat' dir='ltr'>omnibus</span> <span class='ocrx_word' id='word_1_217' title='bbox 963 3285 1037 3328; x_wconf 89' lang='lat' dir='ltr'>non</span> <span class='ocrx_word' id='word_1_218' title='bbox 1069 3277 1155 3350; x_wconf 89' lang='lat' dir='ltr'>pot·</span> <span class='ocrx_word' id='word_1_219' title='bbox 1181 3343 1183 3347; x_wconf 10' lang='lat'><strong>¹</strong></span> 
     </span>
     <span class='ocr_line' id='line_1_32' title="bbox 194 3379 1154 3441; baseline -0.002 -11.994"><span class='ocrx_word' id='word_1_220' title='bbox 194 3379 282 3441; x_wconf 39' lang='lat' dir='ltr'>¹..elai</span> <span class='ocrx_word' id='word_1_221' title='bbox 1147 3415 1154 3427; x_wconf 75' lang='grc'><strong>.</strong></span> 
     </span>
     <span class='ocr_line' id='line_1_33' title="bbox 291 3461 1151 3558; baseline 0.005 -32"><span class='ocrx_word' id='word_1_222' title='bbox 291 3463 439 3548; x_wconf 84' lang='lat' dir='ltr'>Jamque</span> <span class='ocrx_word' id='word_1_223' title='bbox 464 3461 540 3528; x_wconf 89' lang='lat' dir='ltr'>dies</span> <span class='ocrx_word' id='word_1_224' title='bbox 565 3473 775 3528; x_wconf 87' lang='lat' dir='ltr'>consumtus</span> <span class='ocrx_word' id='word_1_225' title='bbox 783 3473 868 3540; x_wconf 86' lang='lat' dir='ltr'>erat,</span> <span class='ocrx_word' id='word_1_226' title='bbox 894 3483 1005 3545; x_wconf 88' lang='lat' dir='ltr'>quum</span> <span class='ocrx_word' id='word_1_227' title='bbox 1028 3474 1151 3558; x_wconf 83' lang='lat' dir='ltr'>tamen</span> 
     </span>
     <span class='ocr_line' id='line_1_34' title="bbox 193 3557 1152 3649; baseline -0.003 -19"><span class='ocrx_word' id='word_1_228' title='bbox 193 3562 337 3630; x_wconf 84' lang='lat' dir='ltr'>barbari</span> <span class='ocrx_word' id='word_1_229' title='bbox 362 3561 453 3626; x_wconf 89' lang='lat' dir='ltr'>nihil</span> <span class='ocrx_word' id='word_1_230' title='bbox 484 3559 687 3642; x_wconf 83' lang='lat' dir='ltr'>remittere;</span> <span class='ocrx_word' id='word_1_231' title='bbox 699 3574 819 3646; x_wconf 84' lang='lat' dir='ltr'>atque</span> <span class='ocrx_word' id='word_1_232' title='bbox 842 3557 896 3626; x_wconf 89' lang='lat' dir='ltr'>uti</span> <span class='ocrx_word' id='word_1_233' title='bbox 919 3580 1021 3649; x_wconf 85' lang='lat' dir='ltr'>reges</span> <span class='ocrx_word' id='word_1_234' title='bbox 1043 3583 1152 3648; x_wconf 87' lang='lat' dir='ltr'>prac-</span> 
     </span>
     <span class='ocr_line' id='line_1_35' title="bbox 170 3658 1202 3766; baseline -0.002 -35.946"><span class='ocrx_word' id='word_1_235' title='bbox 170 3660 392 3758; x_wconf 78' lang='lat' dir='ltr'>ceperant,&#39;</span> <span class='ocrx_word' id='word_1_236' title='bbox 409 3673 551 3731; x_wconf 81' lang='lat' dir='ltr'>noctem</span> <span class='ocrx_word' id='word_1_237' title='bbox 574 3682 640 3746; x_wconf 86' lang='lat' dir='ltr'>pro</span> <span class='ocrx_word' id='word_1_238' title='bbox 665 3680 701 3730; x_wconf 86' lang='lat' dir='ltr'>se</span> <span class='ocrx_word' id='word_1_239' title='bbox 732 3662 829 3745; x_wconf 79' lang='lat' dir='ltr'>nati,</span> <span class='ocrx_word' id='word_1_240' title='bbox 862 3658 977 3728; x_wconf 80' lang='lat' dir='ltr'>acrius</span> <span class='ocrx_word' id='word_1_241' title='bbox 1001 3663 1146 3766; x_wconf 81' lang='lat' dir='ltr'>instare.</span> <span class='ocrx_word' id='word_1_242' title='bbox 1192 3679 1202 3687; x_wconf 80' lang='grc'><em>“</em></span> 
     </span>
    </p>
   </div>
   <div class='ocr_carea' id='block_1_3' title="bbox 0 0 1296 4492">
    <p class='ocr_par' dir='ltr' id='par_1_3' title="bbox 0 0 1296 4492">
     <span class='ocr_line' id='line_1_36' title="bbox 0 0 1296 4492; baseline 0 0"><span class='ocrx_word' id='word_1_243' title='bbox 0 0 1296 4492; x_wconf 95' lang='lat' dir='ltr'> </span> 
     </span>
    </p>
   </div>
  </div>
 </body>
</html>
