2580 4492
472 192 795 257 ..320-

195 386 269 449 est,
295 391 465 458 quorsum
490 370 649 449 aecidat,
673 372 712 436 id
735 392 801 457 per
830 371 997 438 inertiam
1020 373 1157 448 inse,

197 471 299 556 quasi
324 472 428 548 victi,
452 471 645 553 recipiunt.

126 587 172 638 20
295 569 406 658 Igitur
441 567 573 634 duabas
599 570 727 634 rebus
739 534 942 634 confirmari
969 591 1075 655 posse
1101 591 1158 635 se·

195 683 318 735 natum
347 679 465 754 puto-z
493 666 524 732 si
551 690 702 732 numero
730 684 852 734 auctus
885 691 952 755 per
981 669 1158 735 tabellum

193 769 407 834 sententiam
436 766 541 831 feret.

293 866 445 932 Tabelia
470 867 632 928 obtentui
657 865 755 942 erit,
789 888 862 948 quo
887 866 998 955 magis
1031 867 1156 932 animo

196 965 312 1030 iibero
337 967 457 1030 iacere
473 965 619 1030 audeat:
648 963 687 1026 in
706 963 938 1029 multitudine-
963 977 999 1028 et
1017 967 1157 1050 praesi-

199 1065 370 1151 diiplus,
398 1075 542 1141 et,usus
568 1061 721 1146 amplior
744 1076 807 1126 est.
849 1059 939 1125 Nam
959 1063 1040 1127 fere
1061 1109 1073 1142 ,
1096 1065 1153 1129 bis

195 1160 483 1248 tempestatibus,
508 1157 580 1243 aiii·
592 1157 737 1247 judieii,
753 1159 907 1244 publicis
922 1202 934 1237 ,
959 1163 1022 1225 aiii
1038 1163 1156 1247 priva·

109 1320 112 1325 .
195 1263 241 1333 tis
265 1261 335 1325 suis
354 1262 460 1344 atque
477 1259 671 1341 amicorum
690 1259 842 1346 negotiis
857 1260 1045 1344 implicati,
1056 1261 1154 1326 bauti

195 1381 279 1425 sane
302 1357 526 1445 reipublicae
543 1357 703 1422 consiliis
718 1357 931 1431 adsuerunt:
948 1379 1071 1445 neque
1091 1379 1152 1424 eos

194 1459 306 1546 magis
333 1459 539 1539 occupatio,
565 1477 671 1540 quam
695 1455 847 1540 superba
874 1455 1151 1543 imperiadisti·

196 1578 321 1620 nuere.
349 1555 517 1619 Homines
536 1553 677 1631 nobiles
696 1575 777 1618 cum
797 1554 918 1638 paucis
943 1555 1151 1633 senatoriis,

96 1734 103 1749 Ι
197 1675 288 1741 quos
319 1652 555 1719 additamenta
581 1652 746 1716 factionis
778 1653 929 1730 babent,
958 1675 1151 1739 quaecum·

197 1775 268 1838 que
282 1752 391 1817 libuit
410 1751 585 1836 probare,
605 1750 890 1836 reprehendere,
921 1753 1151 1831 decernere,

50 1924 53 1933 ¹
133 1906 136 1911 .
197 1854 327 1932 ea‚uti
345 1851 461 1914 libido
476 1851 577 1928 tulit,
595 1848 728 1916 fecere.
758 1853 893 1915 Verum
914 1849 997 1928 ubi,
1022 1871 1149 1915 nume·

195 1972 236 2011 ro
270 1964 473 2015 senatorum
501 1946 635 2027 aucto,
664 1971 731 2034 per
756 1949 924 2015 tabellam
947 1946 1147 2013 sententiae

196 2049 381 2127 dicentur,
413 2069 481 2110 nae
505 2047 563 2110 ilii
586 2049 789 2132 superbiam
813 2066 911 2111 suam
940 2046 1149 2125 dimittent,

193 2147 323 2211 ubi''11s
343 2146 587 2210 obediendum
604 2145 689 2225 erit,
707 2145 852 2233 quibus
852 2157 954 2209 autea
974 2144 1148 2210 erudelis·

195 2265 295 2312 sume
314 2244 576 2330 imperitabant

123 2354 165 2409 2t
294 2342 504 2421 Forsitan,
493 2356 707 2429 imperator,
726 2340 893 2428 perlectis
924 2310 1062 2419 literis,
1087 2342 1147 2406 de-

91 2488 98 2505 .
194 2441 351 2519 sidetes,
376 2464 484 2526 quem
506 2462 695 2505 numerum
717 2454 918 2506 senatorum
936 2440 1146 2524 fieriplace·

76 2526 79 2533 ’
197 2553 251 2616 at3
274 2560 419 2624 quoque
448 2539 586 2603 modo'
575 2559 616 2603 tn
640 2538 751 2623 multa
776 2551 813 2611 et
836 2538 930 2601 varia
959 2538 1080 2604 officia
1096 2538 1150 2601 di·

193 2637 408 2718 strihuatur,
433 2639 567 2719 judicia
585 2639 758 2722 quoniam
773 2636 908 2724 primae
924 2636 1044 2702 classis
1069 2638 1151 2701 mit·

127 2816 130 2821 .
193 2732 302 2800 tenda
327 2753 476 2823 putem,
511 2756 602 2820 quae
609 2736 850 2820 descriptio,
886 2736 949 2820 qui
977 2755 1147 2800 numerus

195 2836 235 2941 in
255 2856 399 2921 quoque
425 2856 557 2924 genere
585 2834 727 2899 futurus
755 2834 811 2899 sit.

291 2933 341 2998 Ea
358 2936 447 2998 milri
471 2932 587 2997 omnia
608 2933 803 3020 generatim
828 2931 1032 2996 describere
1048 2931 1147 2997 haud
1230 2922 1234 2931 ’

192 3029 346 3095 difficile
371 3033 467 3097 factu
484 3031 573 3095 tuit:
589 3033 651 3096 sed
664 3031 763 3117 prius
776 3030 1012 3096 laborandum
1030 3031 1147 3096 risum

127 3192 130 3197 .
196 3141 250 3193 est
272 3126 319 3193 de
343 3150 478 3194 summa
503 3131 661 3204 consilii,
687 3130 798 3214 idque
817 3130 896 3193 tibi
920 3129 1150 3214 probandum

197 3248 319 3292 rerum
339 3249 426 3293 esse.
450 3228 487 3293 Si
504 3229 605 3293 hoc
595 3230 724 3294 ttinere
741 3230 796 3292 uti
811 3227 1029 3307 decreveris,
1052 3226 1150 3293 cetcss

79 3396 82 3400 ,
117 3322 120 3327 ’
191 3347 231 3391 ra
254 3324 293 3388 in
316 3342 458 3412 promtu
490 3338 606 3392 eruut

292 3425 384 3491 Volo
411 3447 478 3514 ego
505 3426 692 3491 consilium
714 3447 835 3491 meum
866 3385 1048 3514 prudens,
1073 3448 1148 3491 ma·

151 3555 156 3565 ¹
193 3544 372 3608 xumeque
398 3527 478 3590 usui
502 3547 590 3592 csse.
618 3523 730 3590 Nam
754 3522 974 3607 ubicumque
996 3523 1063 3586 tibi
1088 3545 1147 3590 res

193 3643 362 3708 prospere
389 3625 520 3708 cedet,
549 3622 601 3690 ibi
629 3625 719 3691 mihi
749 3623 960 3688 bonafama
987 3623 1142 3688 eveniet.
