<?xml version="1.0" encoding="UTF-8"?>
<!DOCTYPE html PUBLIC "-//W3C//DTD XHTML 1.0 Transitional//EN"
    "http://www.w3.org/TR/xhtml1/DTD/xhtml1-transitional.dtd">
<html xmlns="http://www.w3.org/1999/xhtml" xml:lang="en" lang="en">
 <head>
  <title>
</title>
<meta http-equiv="Content-Type" content="text/html;charset=utf-8" />
  <meta name='ocr-system' content='tesseract 3.04.00' />
  <meta name='ocr-capabilities' content='ocr_page ocr_carea ocr_par ocr_line ocrx_word'/>
</head>
<body>
  <div class='ocr_page' id='page_1' title='image "./operasmmtlichew00sallgoog_0184.png"; bbox 0 0 2580 4492; ppageno 0'>
   <div class='ocr_carea' id='block_1_1' title="bbox 514 236 852 330">
    <p class='ocr_par' dir='ltr' id='par_1_1' title="bbox 514 236 852 330">
     <span class='ocr_line' id='line_1_1' title="bbox 514 236 852 330; baseline 0.015 -17"><span class='ocrx_word' id='word_1_1' title='bbox 514 264 585 303; x_wconf 88' lang='lat'>·-</span> <span class='ocrx_word' id='word_1_2' title='bbox 661 252 728 330; x_wconf 76' lang='lat'>178</span> <span class='ocrx_word' id='word_1_3' title='bbox 802 236 852 299; x_wconf 79' lang='grc'>-’-</span> 
     </span>
    </p>
   </div>
   <div class='ocr_carea' id='block_1_2' title="bbox 157 429 1244 3838">
    <p class='ocr_par' dir='ltr' id='par_1_2' title="bbox 157 429 1235 1311">
     <span class='ocr_line' id='line_1_2' title="bbox 273 429 1230 522; baseline -0.005 -22"><span class='ocrx_word' id='word_1_4' title='bbox 273 455 364 500; x_wconf 83' lang='lat' dir='ltr'>nus:</span> <span class='ocrx_word' id='word_1_5' title='bbox 391 437 462 500; x_wconf 84' lang='lat' dir='ltr'>iter</span> <span class='ocrx_word' id='word_1_6' title='bbox 494 435 766 500; x_wconf 76' lang='lat' dir='ltr'>castellanorum</span> <span class='ocrx_word' id='word_1_7' title='bbox 791 443 980 522; x_wconf 80' lang='lat' dir='ltr'>angustum</span> <span class='ocrx_word' id='word_1_8' title='bbox 1009 429 1230 509; x_wconf 85' lang='lat' dir='ltr'><strong>admodum,</strong></span> 
     </span>
     <span class='ocr_line' id='line_1_3' title="bbox 254 534 699 619; baseline -0.007 -22"><span class='ocrx_word' id='word_1_9' title='bbox 254 570 257 576; x_wconf 95' lang='lat'>·</span> <span class='ocrx_word' id='word_1_10' title='bbox 276 537 457 619; x_wconf 82' lang='lat' dir='ltr'>utrimque</span> <span class='ocrx_word' id='word_1_11' title='bbox 476 534 699 619; x_wconf 61' lang='lat' dir='ltr'>*praecisum</span> 
     </span>
     <span class='ocr_line' id='line_1_4' title="bbox 376 629 1233 718; baseline -0.006 -20"><span class='ocrx_word' id='word_1_12' title='bbox 376 635 511 698; x_wconf 79' lang='lat' dir='ltr'>Vineae</span> <span class='ocrx_word' id='word_1_13' title='bbox 536 656 619 699; x_wconf 88' lang='lat' dir='ltr'>oum</span> <span class='ocrx_word' id='word_1_14' title='bbox 643 631 782 718; x_wconf 83' lang='lat' dir='ltr'>ingenti</span> <span class='ocrx_word' id='word_1_15' title='bbox 806 629 970 716; x_wconf 82' lang='lat' dir='ltr'>periculo</span> <span class='ocrx_word' id='word_1_16' title='bbox 999 629 1127 692; x_wconf 78' lang='lat' dir='ltr'>frustra</span> <span class='ocrx_word' id='word_1_17' title='bbox 1149 648 1233 717; x_wconf 86' lang='lat' dir='ltr'>age·</span> 
     </span>
     <span class='ocr_line' id='line_1_5' title="bbox 275 726 1234 816; baseline -0.006 -22"><span class='ocrx_word' id='word_1_18' title='bbox 275 730 416 795; x_wconf 88' lang='lat' dir='ltr'>bantur.</span> <span class='ocrx_word' id='word_1_19' title='bbox 448 729 537 796; x_wconf 87' lang='lat' dir='ltr'>Nam</span> <span class='ocrx_word' id='word_1_20' title='bbox 559 753 670 814; x_wconf 88' lang='lat' dir='ltr'>quum</span> <span class='ocrx_word' id='word_1_21' title='bbox 695 750 760 793; x_wconf 84' lang='lat' dir='ltr'>cac</span> <span class='ocrx_word' id='word_1_22' title='bbox 776 727 938 816; x_wconf 77' lang='lat' dir='ltr'>paullum</span> <span class='ocrx_word' id='word_1_23' title='bbox 955 726 1234 812; x_wconf 84' lang='lat' dir='ltr'>processerant,</span> 
     </span>
     <span class='ocr_line' id='line_1_6' title="bbox 274 825 1235 918; baseline -0.002 -27"><span class='ocrx_word' id='word_1_24' title='bbox 274 831 353 918; x_wconf 85' lang='lat' dir='ltr'>igni</span> <span class='ocrx_word' id='word_1_25' title='bbox 377 843 437 893; x_wconf 84' lang='lat' dir='ltr'>aut</span> <span class='ocrx_word' id='word_1_26' title='bbox 455 831 634 914; x_wconf 77' lang='lat' dir='ltr'>lapidibus</span> <span class='ocrx_word' id='word_1_27' title='bbox 651 827 988 914; x_wconf 76' lang='lat' dir='ltr'>corrumpebantur:</span> <span class='ocrx_word' id='word_1_28' title='bbox 1008 825 1143 888; x_wconf 77' lang='lat' dir='ltr'>milites</span> <span class='ocrx_word' id='word_1_29' title='bbox 1168 845 1235 889; x_wconf 86' lang='lat' dir='ltr'>ne·</span> 
     </span>
     <span class='ocr_line' id='line_1_7' title="bbox 265 924 1235 1012; baseline -0.002 -24"><span class='ocrx_word' id='word_1_30' title='bbox 265 951 347 1011; x_wconf 82' lang='lat' dir='ltr'>-quc</span> <span class='ocrx_word' id='word_1_31' title='bbox 368 950 434 1011; x_wconf 86' lang='lat' dir='ltr'>pro</span> <span class='ocrx_word' id='word_1_32' title='bbox 452 948 561 1012; x_wconf 84' lang='lat' dir='ltr'>opere</span> <span class='ocrx_word' id='word_1_33' title='bbox 588 928 800 1004; x_wconf 73' lang='lat' dir='ltr'>consistere,</span> <span class='ocrx_word' id='word_1_34' title='bbox 824 938 971 1008; x_wconf 81' lang='lat' dir='ltr'>propter</span> <span class='ocrx_word' id='word_1_35' title='bbox 1000 924 1235 1008; x_wconf 83' lang='lat' dir='ltr'>iniquitatem</span> 
     </span>
     <span class='ocr_line' id='line_1_8' title="bbox 157 1022 1235 1108; baseline -0.002 -20"><span class='ocrx_word' id='word_1_36' title='bbox 157 1101 160 1106; x_wconf 35' lang='grc'><strong>,</strong></span> <span class='ocrx_word' id='word_1_37' title='bbox 271 1026 367 1100; x_wconf 80' lang='lat' dir='ltr'>loci3</span> <span class='ocrx_word' id='word_1_38' title='bbox 394 1046 512 1108; x_wconf 65' lang='lat' dir='ltr'>nequo</span> <span class='ocrx_word' id='word_1_39' title='bbox 544 1024 637 1088; x_wconf 83' lang='lat' dir='ltr'>inter</span> <span class='ocrx_word' id='word_1_40' title='bbox 655 1026 773 1088; x_wconf 79' lang='lat' dir='ltr'>vineas</span> <span class='ocrx_word' id='word_1_41' title='bbox 797 1023 875 1089; x_wconf 81' lang='lat' dir='ltr'>tine</span> <span class='ocrx_word' id='word_1_42' title='bbox 899 1022 1063 1107; x_wconf 80' lang='lat' dir='ltr'>periculo</span> <span class='ocrx_word' id='word_1_43' title='bbox 1079 1023 1235 1086; x_wconf 80' lang='lat' dir='ltr'>admini-</span> 
     </span>
     <span class='ocr_line' id='line_1_9' title="bbox 273 1121 1229 1209; baseline -0.002 -24"><span class='ocrx_word' id='word_1_44' title='bbox 273 1136 400 1185; x_wconf 81' lang='lat' dir='ltr'>strare:</span> <span class='ocrx_word' id='word_1_45' title='bbox 425 1139 590 1206; x_wconf 84' lang='lat' dir='ltr'>optumus</span> <span class='ocrx_word' id='word_1_46' title='bbox 620 1125 772 1208; x_wconf 83' lang='lat' dir='ltr'>quisquc</span> <span class='ocrx_word' id='word_1_47' title='bbox 790 1123 939 1199; x_wconf 85' lang='lat' dir='ltr'>cadere,</span> <span class='ocrx_word' id='word_1_48' title='bbox 968 1135 1028 1184; x_wconf 83' lang='lat' dir='ltr'>aut</span> <span class='ocrx_word' id='word_1_49' title='bbox 1046 1121 1229 1209; x_wconf 56' lang='lat' dir='ltr'>⁸saucia-rh</span> 
     </span>
     <span class='ocr_line' id='line_1_10' title="bbox 275 1222 708 1311; baseline 0.009 -29"><span class='ocrx_word' id='word_1_50' title='bbox 275 1223 402 1284; x_wconf 78' lang='lat' dir='ltr'>cetea-is</span> <span class='ocrx_word' id='word_1_51' title='bbox 418 1222 548 1288; x_wconf 79' lang='lat' dir='ltr'>&#39;metus</span> <span class='ocrx_word' id='word_1_52' title='bbox 573 1223 708 1311; x_wconf 82' lang='lat' dir='ltr'>augeri.</span> 
     </span>
    </p>

    <p class='ocr_par' dir='ltr' id='par_1_3' title="bbox 199 1316 1236 1697">
     <span class='ocr_line' id='line_1_11' title="bbox 199 1316 1228 1407; baseline -0.008 -20"><span class='ocrx_word' id='word_1_53' title='bbox 199 1323 247 1402; x_wconf 82' lang='grc'>93</span> <span class='ocrx_word' id='word_1_54' title='bbox 373 1320 590 1396; x_wconf 66' lang='lat' dir='ltr'>statarius,</span> <span class='ocrx_word' id='word_1_55' title='bbox 611 1319 731 1385; x_wconf 75' lang='lat' dir='ltr'>multis</span> <span class='ocrx_word' id='word_1_56' title='bbox 746 1318 874 1407; x_wconf 76' lang='lat' dir='ltr'>diebus</span> <span class='ocrx_word' id='word_1_57' title='bbox 891 1331 927 1382; x_wconf 90' lang='lat' dir='ltr'>et</span> <span class='ocrx_word' id='word_1_58' title='bbox 940 1316 1121 1381; x_wconf 73' lang='lat' dir='ltr'>laboribus</span> <span class='ocrx_word' id='word_1_59' title='bbox 1138 1339 1228 1380; x_wconf 91' lang='lat' dir='ltr'>con·</span> 
     </span>
     <span class='ocr_line' id='line_1_12' title="bbox 274 1413 1236 1499; baseline -0.003 -18"><span class='ocrx_word' id='word_1_60' title='bbox 274 1418 429 1495; x_wconf 80' lang='lat' dir='ltr'>sumtis,</span> <span class='ocrx_word' id='word_1_61' title='bbox 472 1420 593 1482; x_wconf 80' lang='lat' dir='ltr'>anxius</span> <span class='ocrx_word' id='word_1_62' title='bbox 629 1421 768 1483; x_wconf 84' lang='lat' dir='ltr'>trahere</span> <span class='ocrx_word' id='word_1_63' title='bbox 796 1439 878 1482; x_wconf 76' lang='lat' dir='ltr'>cnm</span> <span class='ocrx_word' id='word_1_64' title='bbox 904 1415 1054 1499; x_wconf 84' lang='lat' dir='ltr'>animo&#39;,</span> <span class='ocrx_word' id='word_1_65' title='bbox 1089 1413 1236 1478; x_wconf 87' lang='lat' dir='ltr'>omitte·</span> 
     </span>
     <span class='ocr_line' id='line_1_13' title="bbox 270 1512 1233 1598; baseline -0.002 -20"><span class='ocrx_word' id='word_1_66' title='bbox 270 1531 373 1578; x_wconf 83' lang='lat' dir='ltr'>rctne</span> <span class='ocrx_word' id='word_1_67' title='bbox 399 1512 594 1598; x_wconf 81' lang='lat' dir='ltr'>inceptum,</span> <span class='ocrx_word' id='word_1_68' title='bbox 613 1518 782 1598; x_wconf 78' lang='lat' dir='ltr'>quoniam</span> <span class='ocrx_word' id='word_1_69' title='bbox 798 1516 929 1579; x_wconf 82' lang='lat' dir='ltr'>frustra</span> <span class='ocrx_word' id='word_1_70' title='bbox 949 1532 1035 1591; x_wconf 64' lang='grc' dir='ltr'>τηις</span> <span class='ocrx_word' id='word_1_71' title='bbox 1059 1537 1103 1577; x_wconf 89' lang='lat' dir='ltr'>an</span> <span class='ocrx_word' id='word_1_72' title='bbox 1115 1513 1233 1576; x_wconf 70' lang='lat' dir='ltr'>futu-</span> 
     </span>
     <span class='ocr_line' id='line_1_14' title="bbox 273 1612 1234 1697; baseline 0.004 -23"><span class='ocrx_word' id='word_1_73' title='bbox 273 1634 359 1676; x_wconf 82' lang='lat' dir='ltr'>nam</span> <span class='ocrx_word' id='word_1_74' title='bbox 396 1615 622 1697; x_wconf 79' lang='lat' dir='ltr'>opperiretur</span> <span class='ocrx_word' id='word_1_75' title='bbox 647 1612 672 1692; x_wconf 81' lang='lat'>,&#39;</span> <span class='ocrx_word' id='word_1_76' title='bbox 694 1636 765 1696; x_wconf 82' lang='lat' dir='ltr'>qua</span> <span class='ocrx_word' id='word_1_77' title='bbox 797 1633 906 1696; x_wconf 83' lang='lat' dir='ltr'>saepe</span> <span class='ocrx_word' id='word_1_78' title='bbox 933 1633 1102 1696; x_wconf 81' lang='lat' dir='ltr'>prospere</span> <span class='ocrx_word' id='word_1_79' title='bbox 1130 1635 1234 1683; x_wconf 82' lang='lat' dir='ltr'>usus.</span> 
     </span>
    </p>

    <p class='ocr_par' dir='ltr' id='par_1_4' title="bbox 274 1710 1239 2581">
     <span class='ocr_line' id='line_1_15' title="bbox 372 1710 1239 1795; baseline -0.002 -23"><span class='ocrx_word' id='word_1_80' title='bbox 372 1710 609 1792; x_wconf 82' lang='lat' dir='ltr'>Quac.quum</span> <span class='ocrx_word' id='word_1_81' title='bbox 632 1713 764 1775; x_wconf 83' lang='lat' dir='ltr'>multos</span> <span class='ocrx_word' id='word_1_82' title='bbox 788 1711 886 1795; x_wconf 78' lang='lat' dir='ltr'>dies,</span> <span class='ocrx_word' id='word_1_83' title='bbox 922 1725 1044 1775; x_wconf 87' lang='lat' dir='ltr'>noctes</span> <span class='ocrx_word' id='word_1_84' title='bbox 1069 1722 1239 1795; x_wconf 65' lang='lat' dir='ltr'>aestuans</span> 
     </span>
     <span class='ocr_line' id='line_1_16' title="bbox 274 1806 1234 1897; baseline -0.003 -23"><span class='ocrx_word' id='word_1_85' title='bbox 274 1810 451 1896; x_wconf 83' lang='lat' dir='ltr'>agitaret,</span> <span class='ocrx_word' id='word_1_86' title='bbox 486 1809 578 1887; x_wconf 78' lang='lat' dir='ltr'>forte</span> <span class='ocrx_word' id='word_1_87' title='bbox 604 1811 750 1894; x_wconf 85' lang='lat' dir='ltr'>qnidam</span> <span class='ocrx_word' id='word_1_88' title='bbox 784 1806 914 1897; x_wconf 74' lang='lat' dir='ltr'>Ligus,</span> <span class='ocrx_word' id='word_1_89' title='bbox 946 1829 990 1874; x_wconf 84' lang='lat' dir='ltr'>ex</span> <span class='ocrx_word' id='word_1_90' title='bbox 1021 1809 1234 1873; x_wconf 73' lang='lat' dir='ltr'>cohortibus</span> 
     </span>
     <span class='ocr_line' id='line_1_17' title="bbox 275 1906 1236 1996; baseline -0.001 -24"><span class='ocrx_word' id='word_1_91' title='bbox 275 1906 469 1972; x_wconf 75' lang='lat' dir='ltr'>auxiliariis</span> <span class='ocrx_word' id='word_1_92' title='bbox 484 1908 614 1973; x_wconf 71' lang='lat' dir='ltr'>miles.</span> <span class='ocrx_word' id='word_1_93' title='bbox 641 1907 857 1996; x_wconf 78' lang='lat' dir='ltr'>gregarius,</span> <span class='ocrx_word' id='word_1_94' title='bbox 894 1906 1031 1972; x_wconf 82' lang='lat' dir='ltr'>eastris.</span> <span class='ocrx_word' id='word_1_95' title='bbox 1061 1920 1236 1989; x_wconf 78' lang='lat' dir='ltr'>aquatum</span> 
     </span>
     <span class='ocr_line' id='line_1_18' title="bbox 276 2004 1237 2093; baseline 0 -24"><span class='ocrx_word' id='word_1_96' title='bbox 276 2026 457 2093; x_wconf 78' lang='lat' dir='ltr'>egressus,</span> <span class='ocrx_word' id='word_1_97' title='bbox 482 2009 578 2068; x_wconf 87' lang='lat' dir='ltr'>band</span> <span class='ocrx_word' id='word_1_98' title='bbox 591 2008 719 2088; x_wconf 86' lang='lat' dir='ltr'>procul</span> <span class='ocrx_word' id='word_1_99' title='bbox 742 2006 787 2070; x_wconf 85' lang='lat' dir='ltr'>ab</span> <span class='ocrx_word' id='word_1_100' title='bbox 811 2007 922 2069; x_wconf 82' lang='lat' dir='ltr'>latere</span> <span class='ocrx_word' id='word_1_101' title='bbox 946 2006 1107 2079; x_wconf 62' lang='lat' dir='ltr'>castelli,</span> <span class='ocrx_word' id='word_1_102' title='bbox 1134 2004 1237 2088; x_wconf 85' lang='lat' dir='ltr'>qnod</span> 
     </span>
     <span class='ocr_line' id='line_1_19' title="bbox 276 2103 1236 2187; baseline 0.001 -23"><span class='ocrx_word' id='word_1_103' title='bbox 276 2123 437 2164; x_wconf 72' lang='lat' dir='ltr'>avorsum</span> <span class='ocrx_word' id='word_1_104' title='bbox 467 2104 722 2187; x_wconf 78' lang='lat' dir='ltr'>praeliantibus</span> <span class='ocrx_word' id='word_1_105' title='bbox 757 2119 854 2182; x_wconf 84' lang='lat' dir='ltr'>crat,</span> <span class='ocrx_word' id='word_1_106' title='bbox 889 2103 1047 2167; x_wconf 84' lang='lat' dir='ltr'>animum</span> <span class='ocrx_word' id='word_1_107' title='bbox 1083 2103 1236 2167; x_wconf 77' lang='lat' dir='ltr'>advortit</span> 
     </span>
     <span class='ocr_line' id='line_1_20' title="bbox 275 2197 1234 2287; baseline 0.001 -25"><span class='ocrx_word' id='word_1_108' title='bbox 275 2200 373 2263; x_wconf 84' lang='lat' dir='ltr'>inter</span> <span class='ocrx_word' id='word_1_109' title='bbox 390 2219 469 2263; x_wconf 78' lang='lat' dir='ltr'>saxa</span> <span class='ocrx_word' id='word_1_110' title='bbox 479 2202 634 2283; x_wconf 86' lang='lat' dir='ltr'>repentis</span> <span class='ocrx_word' id='word_1_111' title='bbox 644 2197 824 2264; x_wconf 72' lang='lat' dir='ltr'>cochleati</span> <span class='ocrx_word' id='word_1_112' title='bbox 836 2222 1107 2287; x_wconf 83' lang='lat' dir='ltr'>quarumqutun</span> <span class='ocrx_word' id='word_1_113' title='bbox 1125 2223 1234 2267; x_wconf 72' lang='lat' dir='ltr'>una·</span> 
     </span>
     <span class='ocr_line' id='line_1_21' title="bbox 276 2299 1234 2385; baseline -0.001 -23"><span class='ocrx_word' id='word_1_114' title='bbox 276 2314 384 2381; x_wconf 84' lang='lat' dir='ltr'>atque</span> <span class='ocrx_word' id='word_1_115' title='bbox 409 2299 577 2374; x_wconf 84' lang='lat' dir='ltr'>alteram,</span> <span class='ocrx_word' id='word_1_116' title='bbox 602 2300 835 2384; x_wconf 77' lang='lat' dir='ltr'>dein-plures</span> <span class='ocrx_word' id='word_1_117' title='bbox 853 2313 1010 2385; x_wconf 86' lang='lat' dir='ltr'>peteret,</span> <span class='ocrx_word' id='word_1_118' title='bbox 1035 2300 1154 2364; x_wconf 86' lang='lat' dir='ltr'>studio</span> <span class='ocrx_word' id='word_1_119' title='bbox 1180 2300 1234 2362; x_wconf 86' lang='lat' dir='ltr'>le-</span> 
     </span>
     <span class='ocr_line' id='line_1_22' title="bbox 277 2394 1235 2483; baseline 0.007 -27"><span class='ocrx_word' id='word_1_120' title='bbox 277 2394 391 2483; x_wconf 81' lang='lat' dir='ltr'>gundi</span> <span class='ocrx_word' id='word_1_121' title='bbox 423 2398 610 2478; x_wconf 74' lang='lat' dir='ltr'>paullatim</span> <span class='ocrx_word' id='word_1_122' title='bbox 645 2418 755 2481; x_wconf 84' lang='lat' dir='ltr'>prope</span> <span class='ocrx_word' id='word_1_123' title='bbox 788 2398 834 2460; x_wconf 85' lang='lat' dir='ltr'>ad</span> <span class='ocrx_word' id='word_1_124' title='bbox 876 2417 1054 2460; x_wconf 80' lang='lat' dir='ltr'>summum</span> <span class='ocrx_word' id='word_1_125' title='bbox 1101 2396 1235 2463; x_wconf 77' lang='lat' dir='ltr'>muntia</span> 
     </span>
     <span class='ocr_line' id='line_1_23' title="bbox 282 2509 948 2581; baseline 0.005 -26"><span class='ocrx_word' id='word_1_126' title='bbox 282 2513 443 2581; x_wconf 76' lang='lat' dir='ltr'>egressus</span> <span class='ocrx_word' id='word_1_127' title='bbox 484 2509 546 2556; x_wconf 83' lang='lat' dir='ltr'>cst.</span> <span class='ocrx_word' id='word_1_128' title='bbox 943 2514 948 2520; x_wconf 90' lang='lat'>·</span> 
     </span>
    </p>

    <p class='ocr_par' dir='ltr' id='par_1_5' title="bbox 277 2590 1238 2778">
     <span class='ocr_line' id='line_1_24' title="bbox 375 2590 1238 2675; baseline 0.007 -22"><span class='ocrx_word' id='word_1_129' title='bbox 375 2591 443 2653; x_wconf 85' lang='lat' dir='ltr'>Ubi</span> <span class='ocrx_word' id='word_1_130' title='bbox 457 2606 643 2675; x_wconf 72' lang='lat' dir='ltr'>postquam</span> <span class='ocrx_word' id='word_1_131' title='bbox 668 2590 900 2662; x_wconf 69' lang='lat' dir='ltr'>solitudinem</span> <span class='ocrx_word' id='word_1_132' title='bbox 923 2592 1121 2672; x_wconf 81' lang='lat' dir='ltr'>intellexit,</span> <span class='ocrx_word' id='word_1_133' title='bbox 1134 2615 1238 2659; x_wconf 83' lang='lat' dir='ltr'>more</span> 
     </span>
     <span class='ocr_line' id='line_1_25' title="bbox 277 2689 1237 2778; baseline 0.007 -27"><span class='ocrx_word' id='word_1_134' title='bbox 277 2689 427 2753; x_wconf 79' lang='lat' dir='ltr'>humani</span> <span class='ocrx_word' id='word_1_135' title='bbox 450 2692 607 2778; x_wconf 82' lang='lat' dir='ltr'>ingenii,</span> <span class='ocrx_word' id='word_1_136' title='bbox 633 2690 767 2775; x_wconf 88' lang='lat' dir='ltr'>cupido</span> <span class='ocrx_word' id='word_1_137' title='bbox 789 2692 912 2777; x_wconf 72' lang='lat' dir='ltr'>ignara</span> <span class='ocrx_word' id='word_1_138' title='bbox 929 2692 1074 2758; x_wconf 75' lang='lat' dir='ltr'>visundi</span> <span class='ocrx_word' id='word_1_139' title='bbox 1089 2693 1237 2767; x_wconf 73' lang='lat' dir='ltr'>invadit·</span> 
     </span>
    </p>

    <p class='ocr_par' dir='ltr' id='par_1_6' title="bbox 377 2789 1240 2874">
     <span class='ocr_line' id='line_1_26' title="bbox 377 2789 1240 2874; baseline 0.009 -26"><span class='ocrx_word' id='word_1_140' title='bbox 377 2789 423 2849; x_wconf 79' lang='lat' dir='ltr'>Et</span> <span class='ocrx_word' id='word_1_141' title='bbox 446 2790 540 2852; x_wconf 83' lang='lat' dir='ltr'>iorte</span> <span class='ocrx_word' id='word_1_142' title='bbox 565 2791 605 2850; x_wconf 91' lang='lat' dir='ltr'>in</span> <span class='ocrx_word' id='word_1_143' title='bbox 631 2811 673 2850; x_wconf 86' lang='lat' dir='ltr'>eo</span> <span class='ocrx_word' id='word_1_144' title='bbox 689 2789 772 2850; x_wconf 85' lang='lat' dir='ltr'>loco</span> <span class='ocrx_word' id='word_1_145' title='bbox 797 2791 940 2874; x_wconf 79' lang='lat' dir='ltr'>grandis</span> <span class='ocrx_word' id='word_1_146' title='bbox 964 2794 1037 2855; x_wconf 79' lang='lat' dir='ltr'>ilex</span> <span class='ocrx_word' id='word_1_147' title='bbox 1055 2791 1240 2856; x_wconf 76' lang='lat' dir='ltr'>coaluerat</span> 
     </span>
    </p>

    <p class='ocr_par' dir='ltr' id='par_1_7' title="bbox 272 2886 1244 3838">
     <span class='ocr_line' id='line_1_27' title="bbox 277 2886 1242 2983; baseline 0.005 -33"><span class='ocrx_word' id='word_1_148' title='bbox 277 2887 374 2983; x_wconf 55' lang='lat' dir='ltr'>inger</span> <span class='ocrx_word' id='word_1_149' title='bbox 398 2908 497 2963; x_wconf 81' lang='lat' dir='ltr'>san,</span> <span class='ocrx_word' id='word_1_150' title='bbox 522 2886 726 2970; x_wconf 80' lang='lat' dir='ltr'>paullulum</span> <span class='ocrx_word' id='word_1_151' title='bbox 748 2887 858 2950; x_wconf 89' lang='lat' dir='ltr'>modo</span> <span class='ocrx_word' id='word_1_152' title='bbox 879 2911 1011 2973; x_wconf 75' lang='lat' dir='ltr'>prona,</span> <span class='ocrx_word' id='word_1_153' title='bbox 1037 2888 1123 2951; x_wconf 88' lang='lat' dir='ltr'>dein</span> <span class='ocrx_word' id='word_1_154' title='bbox 1146 2889 1242 2955; x_wconf 64' lang='lat' dir='ltr'>neta</span> 
     </span>
     <span class='ocr_line' id='line_1_28' title="bbox 279 2981 1239 3076; baseline 0 -26"><span class='ocrx_word' id='word_1_155' title='bbox 279 3002 387 3066; x_wconf 86' lang='lat' dir='ltr'>atque</span> <span class='ocrx_word' id='word_1_156' title='bbox 420 2999 521 3050; x_wconf 85' lang='lat' dir='ltr'>aucta</span> <span class='ocrx_word' id='word_1_157' title='bbox 552 2986 593 3046; x_wconf 92' lang='lat' dir='ltr'>in</span> <span class='ocrx_word' id='word_1_158' title='bbox 626 2981 873 3062; x_wconf 69' lang='lat' dir='ltr'>altitudinem,</span> <span class='ocrx_word' id='word_1_159' title='bbox 898 3007 972 3068; x_wconf 79' lang='lat' dir='ltr'>qno</span> <span class='ocrx_word' id='word_1_160' title='bbox 996 3000 1123 3050; x_wconf 82' lang='lat' dir='ltr'>cuncta</span> <span class='ocrx_word' id='word_1_161' title='bbox 1158 2988 1239 3076; x_wconf 72' lang='lat' dir='ltr'>gig-</span> 
     </span>
     <span class='ocr_line' id='line_1_29' title="bbox 277 3082 1240 3160; baseline 0.004 -16"><span class='ocrx_word' id='word_1_162' title='bbox 277 3083 442 3145; x_wconf 85' lang='lat' dir='ltr'>nentium</span> <span class='ocrx_word' id='word_1_163' title='bbox 465 3097 590 3146; x_wconf 85' lang='lat' dir='ltr'>natura</span> <span class='ocrx_word' id='word_1_164' title='bbox 608 3082 702 3144; x_wconf 82' lang='lat' dir='ltr'>lert:</span> <span class='ocrx_word' id='word_1_165' title='bbox 727 3083 831 3158; x_wconf 81' lang='lat' dir='ltr'>cujus</span> <span class='ocrx_word' id='word_1_166' title='bbox 850 3085 956 3148; x_wconf 84' lang='lat' dir='ltr'>ramis</span> <span class='ocrx_word' id='word_1_167' title='bbox 971 3083 1102 3160; x_wconf 81' lang='lat' dir='ltr'>modo,</span> <span class='ocrx_word' id='word_1_168' title='bbox 1127 3087 1240 3150; x_wconf 86' lang='lat' dir='ltr'>modo</span> 
     </span>
     <span class='ocr_line' id='line_1_30' title="bbox 279 3176 1244 3266; baseline 0.004 -23"><span class='ocrx_word' id='word_1_169' title='bbox 279 3181 519 3244; x_wconf 82' lang='lat' dir='ltr'>eminentibus</span> <span class='ocrx_word' id='word_1_170' title='bbox 541 3182 631 3245; x_wconf 81' lang='lat' dir='ltr'>saxis</span> <span class='ocrx_word' id='word_1_171' title='bbox 659 3178 756 3244; x_wconf 75' lang='lat' dir='ltr'>nisus</span> <span class='ocrx_word' id='word_1_172' title='bbox 778 3176 886 3266; x_wconf 78' lang='lat' dir='ltr'>Ligus</span> <span class='ocrx_word' id='word_1_173' title='bbox 893 3225 906 3259; x_wconf 85' lang='lat'>‚</span> <span class='ocrx_word' id='word_1_174' title='bbox 932 3181 1073 3244; x_wconf 78' lang='lat' dir='ltr'>castelli</span> <span class='ocrx_word' id='word_1_175' title='bbox 1091 3182 1244 3266; x_wconf 74' lang='lat' dir='ltr'>planiti-</span> 
     </span>
     <span class='ocr_line' id='line_1_31' title="bbox 278 3277 1238 3361; baseline 0.007 -21"><span class='ocrx_word' id='word_1_176' title='bbox 278 3299 337 3340; x_wconf 82' lang='lat' dir='ltr'>em</span> <span class='ocrx_word' id='word_1_177' title='bbox 373 3279 587 3357; x_wconf 79' lang='lat' dir='ltr'>perscribit3</span> <span class='ocrx_word' id='word_1_178' title='bbox 621 3277 719 3361; x_wconf 89' lang='lat' dir='ltr'>quod</span> <span class='ocrx_word' id='word_1_179' title='bbox 742 3279 866 3341; x_wconf 86' lang='lat' dir='ltr'>cuncti</span> <span class='ocrx_word' id='word_1_180' title='bbox 895 3277 1072 3343; x_wconf 82' lang='lat' dir='ltr'>Numidae</span> <span class='ocrx_word' id='word_1_181' title='bbox 1103 3279 1238 3347; x_wconf 87' lang='lat' dir='ltr'>intenti</span> 
     </span>
     <span class='ocr_line' id='line_1_32' title="bbox 279 3373 739 3461; baseline -0.002 -24"><span class='ocrx_word' id='word_1_182' title='bbox 279 3373 538 3461; x_wconf 84' lang='lat' dir='ltr'>praeliantibus</span> <span class='ocrx_word' id='word_1_183' title='bbox 582 3378 739 3438; x_wconf 84' lang='lat' dir='ltr'>aderant.</span> 
     </span>
     <span class='ocr_line' id='line_1_33' title="bbox 272 3472 1239 3558; baseline 0.006 -24"><span class='ocrx_word' id='word_1_184' title='bbox 272 3502 275 3506; x_wconf 90' lang='lat'>·</span> <span class='ocrx_word' id='word_1_185' title='bbox 378 3472 574 3557; x_wconf 71' lang='lat' dir='ltr'>Exploratis</span> <span class='ocrx_word' id='word_1_186' title='bbox 608 3472 792 3556; x_wconf 80' lang='lat' dir='ltr'>omnibus,</span> <span class='ocrx_word' id='word_1_187' title='bbox 816 3492 910 3558; x_wconf 85' lang='lat' dir='ltr'>quac</span> <span class='ocrx_word' id='word_1_188' title='bbox 932 3492 1014 3536; x_wconf 81' lang='lat' dir='ltr'>mox</span> <span class='ocrx_word' id='word_1_189' title='bbox 1050 3475 1132 3536; x_wconf 73' lang='lat' dir='ltr'>usui</span> <span class='ocrx_word' id='word_1_190' title='bbox 1156 3475 1239 3540; x_wconf 81' lang='lat' dir='ltr'>iorc</span> 
     </span>
     <span class='ocr_line' id='line_1_34' title="bbox 279 3568 1236 3656; baseline 0.003 -21"><span class='ocrx_word' id='word_1_191' title='bbox 279 3572 463 3649; x_wconf 83' lang='lat' dir='ltr'>ducebat,</span> <span class='ocrx_word' id='word_1_192' title='bbox 496 3575 623 3636; x_wconf 84' lang='lat' dir='ltr'>eadem</span> <span class='ocrx_word' id='word_1_193' title='bbox 646 3568 868 3656; x_wconf 77' lang='lat' dir='ltr'>regreditur&#39;,</span> <span class='ocrx_word' id='word_1_194' title='bbox 898 3595 972 3635; x_wconf 89' lang='lat' dir='ltr'>non</span> <span class='ocrx_word' id='word_1_195' title='bbox 997 3586 1153 3649; x_wconf 78' lang='lat' dir='ltr'>temere,</span> <span class='ocrx_word' id='word_1_196' title='bbox 1179 3577 1236 3638; x_wconf 90' lang='lat' dir='ltr'>uti</span> 
     </span>
     <span class='ocr_line' id='line_1_35' title="bbox 280 3670 1237 3758; baseline -0.002 -22"><span class='ocrx_word' id='word_1_197' title='bbox 280 3672 522 3752; x_wconf 73' lang='lat' dir='ltr'>escenderat,</span> <span class='ocrx_word' id='word_1_198' title='bbox 552 3671 617 3737; x_wconf 72' lang='lat' dir='ltr'>sel</span> <span class='ocrx_word' id='word_1_199' title='bbox 648 3683 787 3737; x_wconf 77' lang='lat' dir='ltr'>tentans</span> <span class='ocrx_word' id='word_1_200' title='bbox 813 3672 933 3738; x_wconf 79' lang='lat' dir='ltr'>onnia</span> <span class='ocrx_word' id='word_1_201' title='bbox 958 3685 995 3736; x_wconf 80' lang='lat' dir='ltr'>ct</span> <span class='ocrx_word' id='word_1_202' title='bbox 1026 3670 1237 3758; x_wconf 81' lang='lat' dir='ltr'>circumspi-</span> 
     </span>
     <span class='ocr_line' id='line_1_36' title="bbox 281 3791 397 3838; baseline 0.017 -6"><span class='ocrx_word' id='word_1_203' title='bbox 281 3791 397 3838; x_wconf 75' lang='lat' dir='ltr'>caena.</span> 
     </span>
    </p>
   </div>
   <div class='ocr_carea' id='block_1_3' title="bbox 0 0 1303 4492">
    <p class='ocr_par' dir='ltr' id='par_1_8' title="bbox 0 0 1303 4492">
     <span class='ocr_line' id='line_1_37' title="bbox 0 0 1303 4492; baseline 0 0"><span class='ocrx_word' id='word_1_204' title='bbox 0 0 1303 4492; x_wconf 95' lang='lat' dir='ltr'> </span> 
     </span>
    </p>
   </div>
  </div>
 </body>
</html>
