2580 4492
496 237 786 308 ...34-

177 490 181 499 ,
223 453 228 461 ·
304 421 429 506 „Nunc
470 438 589 503 neque
621 416 737 481 virere
762 414 882 493 lubet,
913 435 1031 500 neque
1062 418 1161 483 morl

207 528 314 608 „iicet
345 522 422 586 sine
452 518 640 581 dedecore.
692 514 810 579 Patres
844 513 1064 599 conscripti,
1088 536 1160 601 per

207 640 300 702 μσς,
323 620 454 683 liberos
464 631 568 699 atque
583 627 763 699 parentes,
779 634 843 698 per
855 615 1070 691 majestatem
1090 636 1158 697 po·

205 718 305 806 „puli
333 716 376 781 lt.
395 715 578 782 subvenite
600 713 729 776 misero
748 710 853 775 mihi:
871 711 921 773 ite
939 709 1076 776 obviam
1100 713 1160 775 in-

206 816 360 898 „juriaez
388 813 497 876 nolite
524 808 622 895 pati,
647 831 792 896 regnum
820 806 1029 887 Numidiae,
1057 808 1162 891 quod

207 926 379 995 „vestrum
406 923 477 988 est,
503 929 567 992 per
582 908 697 974 scelus
718 920 753 973 et
773 906 983 995 sanguinem
999 904 1162 971 familiae

208 1023 366 1094 „nostrae
391 1008 606 1071 tabescere.“

115 1106 159 1180 ἐς
305 1096 491 1189 Postquam
510 1101 583 1167 Rex
607 1104 717 1191 finem
728 1099 901 1189 loquendi
917 1100 1023 1176 fecit,
1049 1099 1161 1190 legati

211 1206 404 1293 [Iugurthae
422 1201 610 1290 largitione
630 1201 766 1289 msgis,
801 1221 909 1286 quam
934 1218 1035 1289 causa
1051 1198 1161 1280 freti,

207 1303 331 1389 paucis
347 1298 585 1387 respondent:

305 1398 563 1482 „Hiempsalem
596 1395 642 1458 ob
661 1395 838 1461 saevitiam
856 1417 955 1477 suam
975 1393 1019 1459 ab
1036 1391 1165 1459 Numi·

209 1498 287 1579 „dis
311 1494 560 1561 interiectum:
583 1493 824 1557 Adherbalem
835 1494 929 1558 ultro
954 1493 1092 1559 bellum
1106 1490 1163 1555 in·

139 1614 142 1619 ·
211 1598 437 1679 „terentem
484 1602 671 1678 postquam
706 1605 889 1677 superatus
925 1591 1001 1670 sit,
1026 1580 1166 1675 queri,

212 1693 331 1778 „quod
351 1679 524 1771 injuriam
549 1689 667 1753 facere
693 1689 920 1773 nequivisset.
951 1688 1168 1778 Jugurtbam

210 1793 276 1875 „ab
300 1788 430 1854 Senatu
456 1803 598 1874 petere,
622 1807 669 1850 ne
690 1787 799 1851 aliurn
815 1799 1007 1873 putarent,
1032 1808 1073 1851 ac
1088 1781 1167 1849 Nu-

209 1887 382 1974 „mantiae
400 1887 560 1975 cognitus
582 1893 673 1949 esset
684 1925 697 1957 ,
718 1880 791 1950 neu
812 1886 916 1951 verba
940 1883 1079 1949 inimici
1100 1905 1167 1953 an·

212 2002 268 2071 „te
293 1984 383 2048 facta
400 2005 459 2049 sua
480 1995 666 2066 ponerent.

101 2163 105 2169 ι
312 2080 448 2143 Deinde
465 2078 607 2163 utrique
630 2077 728 2140 curia
748 2077 988 2161 egrediuntur.
1015 2078 1168 2146 Senatus

215 2166 330 2251 statim
364 2177 560 2241 consulitur
569 2144 759 2334 aliatumres
773 2172 989 2260 legatorum,
1009 2170 1170 2258 praeter·

218 2302 259 2343 ea
278 2297 401 2362 magna
423 2275 501 2360 pars
526 2295 586 2362 gra
601 2273 633 2336 ia
654 2270 843 2356 depravati,
860 2270 1071 2338 Adherbalis
1088 2275 1169 2340 dic·

216 2391 250 2441 ta
288 2388 545 2450 contemnere,
569 2371 762 2458 Iugurthae
793 2367 956 2433 virtutem
992 2372 1168 2438 extollere

215 2471 403 2547 laudibus,
426 2469 557 2556 gratia,
573 2488 676 2544 soce,
692 2466 848 2550 denique
866 2466 1030 2534 omnibus
1046 2472 1168 2537 modis

218 2593 285 2657 pro
305 2567 422 2633 alieno
438 2566 572 2630 scelere
589 2578 623 2630 et
638 2563 791 2652 flagitio,
808 2585 869 2629 sua
888 2568 987 2650 quasi
1007 2590 1070 2653 pro
1088 2568 1168 2655 glo.

220 2669 295 2742 ria,
320 2663 534 2729 nitebantur.
574 2666 618 2727 At
645 2676 774 2753 contra⁸
790 2664 917 2746 pauci,
938 2666 1067 2750 quihus
1098 2666 1166 2731 bo-

218 2787 304 2829 num
324 2774 357 2824 et
380 2782 533 2846 aequum
556 2760 686 2825 divitiis
711 2760 843 2840 carine,
876 2761 1166 2830 subveniundum

218 2860 432 2936 Adherbali,
457 2872 491 2921 et
512 2857 719 2943 Hiempsalis
743 2872 892 2923 mortem
910 2880 1030 2926 severe
1046 2861 1164 2926 vindi·

219 2959 370 3041 caudam
398 2953 598 3020 censebant.
648 2956 716 3020 Sed
741 2979 784 3021 ex
810 2957 972 3023 omnibus
999 2981 1166 3026 maxume

167 3066 170 3083 '
220 3054 393 3120 Aemilius
418 3052 583 3130 Scaurus,
605 3052 710 3117 homo
725 3053 882 3134 nobilis,
903 3055 1070 3144 impiger,
1089 3059 1163 3124 fac·

220 3154 357 3232 tiosus,
383 3150 503 3218 avidus
526 3150 724 3234 potentiae,
749 3153 908 3233 honoris,
931 3154 1163 3235 divitiarum
