2580 4492
467 145 840 250 1-1864

349 364 406 432 Ad
423 368 491 431 hoe
517 365 647 431 milites
672 364 829 454 benigue
854 365 1054 450 adpellaret
1078 362 1205 435 multis

252 463 475 553 rogantibus,
511 463 589 530 aliis
613 486 679 549 per
714 459 853 548 seipse
888 465 972 543 dare
1006 463 1203 537 beneficia,

196 637 199 642 Ι
249 560 586 651 invitus-aooipere:
620 563 683 626 sed
708 580 748 627 ea
779 562 1057 651 properantius,
1094 565 1206 644 quam

186 698 190 717 ι
251 681 308 726 aes
331 674 495 746 mutuum
521 661 694 739 redderes
717 661 793 745 ipse
819 661 862 725 ab
888 661 991 725 nullo
1014 653 1204 744 repetere:

249 758 360 848 magis
385 760 423 825 id
446 760 624 838 laborare,
649 773 690 827 ut
708 755 765 822 illi
791 759 1065 844 quamplurimi
1092 761 1203 824 debe·

249 871 348 923 rent·
370 858 449 939 joba
475 874 580 944 atque
606 859 695 923 seria
722 879 801 921 eum
828 859 1048 922 humillumis
1074 879 1208 947 agere·

249 957 289 1021 in
316 957 536 1040 operibus,'
527 978 566 1020 ιιι
591 950 730 1044 agmine
759 971 865 1041 atque
891 957 935 1020 ad
952 955 1088 1050 vigilias
1109 960 1204 1022 mul-

250 1069 304 1118 tus
332 1047 472 1123 adesse·
496 1075 616 1141 nsque
633 1054 794 1132 iuterim,
814 1055 911 1137 quod
926 1075 1031 1139 prava
1056 1056 1208 1122 ambitio

245 1152 360 1231 solet,
378 1153 539 1225 Consulis
564 1168 623 1219 aut
640 1157 848 1237 cujusquam
871 1153 957 1217 boui
981 1152 1112 1218 famam
1132 1156 1208 1221 lae·

165 1275 168 1279 ’
214 1273 216 1279 ’
249 1244 623 1323 dere,='tanmmm0do
649 1273 770 1339 neque
790 1250 958 1330 consilio,
972 1272 1103 1341 neque
1129 1277 1207 1321 ma·
1241 1277 1244 1282 ·

250 1369 300 1414 uu
325 1350 482 1445 priorem
515 1352 626 1417 alium
649 1351 743 1437 pati:
767 1350 959 1434 plerosque
986 1351 1207 1418 antevenire.
1232 1374 1235 1378 “

350 1442 436 1526 Quis
463 1449 569 1515 rebus
596 1450 697 1514 brevi
720 1448 835 1514 Mario
859 1447 1117 1537 militibusque
1148 1474 1208 1519 ea

248 1546 417 1610 rissumus
457 1547 582 1614 faetus

115 1706 118 1711 ,
177 1659 221 1729 97
266 1660 270 1667 '
346 1649 414 1709 At·
395 1646 611 1733 ·,Jugurtha
639 1648 824 1730 postquam
856 1644 1028 1730 oppidum
1054 1646 1206 1732 Capsam

249 1718 417 1831 aliosque,
433 1743 531 1808 locos
556 1744 710 1806 munitos
738 1756 773 1806 et
793 1741 860 1806 sibi
883 1743 981 1820 utilis
1007 1743 1135 1823 simul,
1170 1754 1205 1812 et

248 1863 415 1928 magnam
439 1843 628 1928 peouniam
656 1841 829 1920 amiserat,
844 1841 889 1906 ad
914 1839 1091 1906 Bocchum
1112 1865 1207 1908 nun·

249 1941 316 2004 tios
344 1939 470 2013 mittit,
488 1933 594 2026 quam
618 1940 775 2026 primum
798 1939 839 2005 in
862 1936 1204 2028 Numidiam'eopias

77 2029 79 2032 ¹
132 2040 138 2045 ’
249 2039 443 2103 adduceret
465 2053 489 2120 ς·
517 2039 646 2122 praelii
690 2037 852 2103 faciundi
887 2050 1034 2121 ¹tempus
1069 2041 1205 2107 adesse.

167 2151 173 2165 '
249 2135 365 2214 Quem
391 2136 453 2197 ubi
483 2137 641 2200 cunctari
663 2132 826 2220 aceepit,
862 2133 1011 2198 dubium
1036 2134 1125 2203 belli
1154 2154 1207 2206 at·

250 2255 321 2319 que
347 2237 443 2318 pacis
472 2233 626 2300 rationes
655 2234 815 2300 trahere·
835 2253 975 2307 rursus,
1001 2234 1054 2299 uti
1076 2249 1205 2321 antea,

247 2353 438 2418 proxumos
464 2330 566 2398 donis
581 2333 798 2417 corrumpit,
817 2331 958 2416 ipsique
982 2330 1109 2397 Mauro
1127 2335 1208 2418 pol-

217 2477 226 2495 ι
248 2430 379 2495 licetur
398 2427 599 2493 Numidiae
594 2443 738 2512 partem
762 2431 922 2507 tertiam,
943 2430 973 2491 si
998 2445 1057 2503 aut
1071 2430 1205 2499 .·Βοιιιιι
1212 2444 1218 2455 '

157 2576 160 2581 .
247 2528 302 2590 ni
313 2527 433 2592 Africa
474 2527 629 2613 expulsi,
662 2540 740 2602 aut,
763 2527 910 2617 integris
938 2528 1009 2603 suis
1043 2530 1204 2636 finibus,

247 2623 387 2693 bellum
411 2626 644 2710 oompositum
669 2626 774 2702 foret.
1239 2695 1241 2698 ,

348 2724 399 2789 Eo
424 2726 582 2815 praemio
606 2720 757 2792 illectus
780 2728 1048 2813 Bocchus‘oum
1071 2745 1200 2810 magua
1271 2776 1274 2783 ,

141 2887 143 2891 .
249 2825 482 2889 multitudiue
514 2827 723 2913 Jugurtham
752 2827 902 2902 aceedit
939 2823 989 2903 Ita
1017 2824 1204 2898 amborum

251 2925 407 2989 exercitu
443 2916 665 3037 eon'juuoto,
691 2924 883 2990 Marium'
872 2947 943 3006 Jam
978 2923 1017 2986 in
1036 2920 1203 2996 hiberna

248 3020 546 3107 proficiscentem,
574 3007 628 3088 vir
651 3008 788 3106 decima
812 3037 912 3109 parte
938 3020 1011 3087 diei
1036 3019 1201 3106 reliqua,

115 3202 119 3212 Ι
250 3119 442 3184 invadunt:
469 3123 534 3183 rats
553 3135 713 3202 noctem,
740 3145 831 3208 quae
851 3112 1085 3210 inassuetas,
1101 3121 1204 3188 vietis

190 3211 192 3214 ’
250 3216 321 3282 sibi
353 3217 574 3301 munimento
605 3219 715 3299 lore,
751 3237 804 3301 et,
835 3223 864 3287 si
889 3221 1068 3296 vicissent,
1097 3221 1204 3284 nullo
1245 3270 1248 3285 ,

245 3314 522 3403 impedimento,
542 3319 624 3402 quia
643 3268 810 3399 locoruui
817 3306 967 3386 seientes
982 3331 1102 3382 erant·
1120 3342 1206 3390 oon
1254 3337 1256 3340 ·

250 3425 312 3579 trdp
330 3412 495 3486 Romanis
520 3432 712 3517 utrumque
733 3421 910 3492 assumis
934 3417 1089 3488 tenebris
1110 3402 1206 3487 dilii-

89 3546 91 3550 Α
207 3558 211 3563 »
303 3531 425 3581 turem.
741 3545 743 3548 ’
1217 3531 1222 3547 “
