2580 4492
424 199 431 227 t
496 198 543 216 -
618 169 813 242 314,-

172 368 192 430 7
320 332 412 438 Haeo
446 350 553 437 igitur
573 336 770 411 'multitudo
794 346 1079 432 primum'malis
1105 374 1181 418 mo·

219 450 316 516 ribus
334 452 495 528 imbuta,
522 449 653 512 deinde
679 449 718 510 in
744 459 853 524 artes,
879 445 1038 530 vitasque
1057 453 1179 518 -variot

221 549 416 635 dispalato,
440 548 541 612 nullo
569 549 674 611 modo
700 541 843 611 interse
868 567 1093 632 congruens,
1120 574 1179 636 pa.

220 668 301 711 rum
327 649 415 713 mihi
441 647 587 731 quidem
605 647 734 709 idonea
758 643 957 708 videtur'ad
984 665 1178 730 oapessuu·

129 808 132 815 ,
216 747 299 810 dam
323 743 592 834 rempublicam.
620 743 795 822 Ceterum,
821 735 947 811 additis
966 745 1069 813 novis
1095 750 1179 815 oivi.

92 846 96 859 ¹
217 842 317 923 bus,
354 866 480 932 magna
508 865 579 907 me
592 865 669 928 spes
694 853 811 920 tenet,
836 841 943 922 fore,
974 856 1014 906 ut
1051 867 1179 932 ornnes

185 932 188 936 “
219 940 507 1031 expergiscantur
533 940 576 1006 ad
600 942 813 1040 libertatem.
831 941 963 1026 quippe
991 963 1111 1025 quum
1136 949 1178 1012 it

216 1041 261 1106 lis
280 1039 453 1107 libertatis
470 1042 698 1118 retinendae,
715 1051 790 1105 tum
807 1041 859 1104 uis
879 1038 1057 1107 servitutis
1073 1048 1177 1112 amit·
1198 1046 1203 1066 '

215 1122 345 1206 tendae
373 1163 456 1206 outa
486 1140 634 1204 orietur.

221 1301 224 1307 .
319 1232 410 1326 Hos,
438 1261 504 1327 ego
521 1260 669 1316 censeo,
688 1238 875 1322 permixtos
894 1259 975 1302 oum
995 1232 1175 1313 veteribus

76 1323 85 1344 '
124 1403 128 1411 ,
217 1360 349 1417 novos,
375 1340 413 1402 in
442 1339 592 1406 coloniis
619 1337 830 1402 constituas:
855 1337 900 1403 ita
933 1353 967 1401 et
992 1361 1051 1406 res
1077 1345 1190 1410 mitt·

215 1441 297 1502 tatis
321 1439 524 1524 opulentior
549 1437 645 1514 erit,
672 1451 706 1501 et
737 1437 862 1521 plebes
887 1434 989 1503 bonis
1016 1445 1174 1531 negotiu

214 1536 384 1623 impedita
412 1538 542 1601 maium
567 1535 752 1622 publicum
777 1535 896 1599 facere
922 1536 1076 1613 desinet.
1167 1610 1170 1614 ,

170 1639 196 1707 8
315 1634 385 1698 Sed
409 1658 481 1700 non
505 1636 661 1708 inscius,
698 1655 816 1719 neque
841 1635 1067 1718 imprudens
1100 1656 1175 1709 tum

119 1740 124 1787 .’
216 1755 326 1818 quum
364 1756 479 1801 eures
514 1747 654 1819 agetur,
680 1757 770 1818 quae
794 1734 971 1813 saevitia,
1009 1758 1176 1826 quaeque

213 1841 435 1917 tempestates
471 1834 656 1899 hominum
691 1831 868 1894 nobilium
894 1833 1037 1900 futurae
1076 1834 1170 1936 si'nt,

216 1946 329 2015 quum
358 1932 650 2019 indignabuntur,
670 1931 787 1994 omnia
814 1931 975 1994 funditus
1001 1935 1167 2017 misoeri,

164 2030 370 2113 antiquis
398 2031 532 2096 civibus
557 2034 647 2094 hono
673 2029 874 2093 servitutem
900 2029 1063 2118 imponi,
1073 2055 1167 2127 reg·

213 2149 301 2206 nutu
327 2130 483 2212 denique
511 2150 552 2192 ex
575 2128 687 2192 libera
713 2129 850 2194 civitate
884 2126 1075 2204 futurum,
1104 2135 1165 2197 ubi

154 2235 157 2242 '
214 2228 320 2303 unius
354 2249 502 2289 munere
534 2227 749 2290 multitudo
747 2226 883 2312 ingens
917 2226 955 2287 in
988 2230 1166 2303 civitatem

212 2328 426 2414 pervenerit.
445 2327 630 2408 Equidem
647 2347 711 2413 ego
727 2325 776 2389 sio
800 2328 894 2408 apud
913 2325 1072 2396 animum
1094 2351 1166 2396 me-

199 2429 274 2487 'um
314 2435 444 2488 statuo:
471 2426 602 2487 malum
631 2424 767 2488 facinus
796 2425 835 2489 in
863 2445 900 2488 se
927 2427 1165 2509 committere,

215 2523 278 2606 qui
301 2523 529 2591 ,incommodo
546 2522 765 2604 reipublicae
785 2523 933 2607 gratiam
951 2523 1020 2587 sibi
1047 2527 1166 2601 conci.

156 2603 159 2610 .
213 2622 298 2699 liet,
325 2618 388 2683 ubi
407 2620 541 2683 bonum
561 2620 746 2704 pubiicum
773 2620 877 2685 etiam
896 2621 1061 2706 privatim
1086 2628 1165 2701 usui

214 2732 283 2782 est.
310 2719 348 2781 id
374 2740 456 2782 vero
484 2716 644 2787 dubitare
666 2718 831 2805 adgredi,
847 2713 1034 2786 socordiae
1057 2737 1173 2816 atque

205 2817 383 2906 ‘ignaviae
403 2809 566 2892 duco..

166 2932 190 3004 9
313 2917 363 2980 M
389 2913 486 2978 Livio
513 2915 624 2978 Druso
650 2935 788 3000 semper
806 2914 992 2980 constitum
1019 2918 1138 2999 suits
1128 2943 1162 2985 tn

213 3014 394 3079 tribunatu
413 3035 545 3077 summa
566 3037 632 3097 ope
653 3014 718 3077 niti
738 3035 803 3098 pro
818 3013 1023 3079 nobilitate:
1013 3040 1165 3104 ,neque

213 3112 326 3176 ullam
345 3133 420 3175 rem
444 3112 482 3176 in
500 3112 677 3197 principio
704 3131 806 3199 agere
831 3112 1003 3196 intendit,
1032 3117 1105 3181 nisi
1122 3119 1164 3182 il·

214 3202 429 3275 liauotores
453 3211 590 3275 fierent.
618 3212 686 3274 Sed
711 3208 868 3276 homines
896 3210 1056 3293 factiosi,
1087 3217 1165 3298 qui·

215 3309 281 3374 bus
318 3309 438 3386 dolus,
473 3322 578 3394 atque
601 3309 753 3398 malitia,
779 3310 849 3373 fide
880 3312 1012 3376 cariora
1041 3329 1162 3394 erant,
1197 3387 1201 3397 ,

213 3406 278 3490 ubi
302 3405 572 3486 intellexerunt,
607 3429 672 3490 per
697 3429 808 3472 unum
834 3407 1022 3474 hominem.
1042 3431 1164 3479 tnaxu,

214 3526 313 3570 mum
329 3505 544 3572 beneficium
569 3505 687 3570 multis
714 3506 919 3572 mortalibus
946 3508 1165 3576 daria-vide-

215 3593 361 3672 liceret
387 3605 456 3671 sibi
481 3606 632 3694 quisque
651 3604 811 3673 conscius
820 3649 831 3685 ‚
856 3606 949 3674 malo
975 3620 1082 3697 atque
1110 3611 1166 3681 iu.

362 3757 371 3783 b
