2580 4492
460 224 785 286 ..300-

194 417 292 471 texos
305 403 509 468 credebant.
544 402 704 480 Quorum
717 405 747 467 si
761 402 868 467 saluti
882 406 1023 489 potius,
1040 429 1158 492 qun

194 503 352 568 lubidini
368 501 533 566 consules
544 528 555 577 5
580 503 739 585 illosque
758 523 897 586 nosque
914 520 950 568 et
973 507 1101 573 socios
1117 508 1160 571 in

196 625 287 683 pace
305 605 404 667 firma
420 601 632 665 constitues:
655 603 713 664 sin
730 604 858 668 eadent
876 604 1018 682 studia,
1043 620 1145 670 artes

193 722 265 781 que
291 700 469 779 juventuti
500 714 624 767 erunt:
655 721 724 762 nae
753 701 816 764 ista
846 704 989 790 egregia
1014 719 1082 767 tna
1105 705 1161 770 h·

190 820 248 862 rna
273 801 382 865 simul
399 821 485 862 cum
510 800 600 861 urbe
616 794 726 862 Roma
746 798 847 864 brevi
871 802 1058 865 concidet.

290 898 473 964 Postremo
491 899 670 980 rapientes
692 899 790 981 pacis
810 920 913 965 cansa
922 898 1075 964 bellum
1091 921 1158 988 gc-

194 1009 300 1076 tunt,
325 997 488 1060 laborem
511 1018 574 1080 spe
608 997 672 1058 otii
698 1011 907 1062 sustentant.

294 1092 371 1159 Nisi
390 1096 491 1161 illam
512 1096 647 1159 firmam
666 1097 792 1173 efficis,
816 1096 934 1177 uinci,
958 1110 1025 1162 ent
1050 1098 1159 1164 vicis·

191 1215 254 1287 se,
288 1194 377 1283 quid
407 1193 567 1259 retulit?

128 1278 130 1283 ⁵
290 1294 410 1371 Quare
432 1313 595 1378 capesse,
620 1301 687 1376 p'er
702 1292 809 1368 deos,
835 1295 1104 1376 rempublicam
1123 1313 1161 1362 et
1211 1318 1214 1325 ·

193 1393 315 1456 omnia
336 1413 472 1475 aspera,
497 1395 551 1455 uti
573 1393 678 1465 soles,
702 1392 870 1472 pervade.
896 1387 1068 1479 Namque
1097 1410 1161 1461 ant

193 1504 232 1553 tu
250 1492 391 1554 mederi
418 1505 517 1574 potes
525 1517 536 1569 5
571 1503 630 1553 aut
655 1489 851 1555 omittenda
885 1507 937 1556 est
962 1517 1053 1559 cura
1082 1518 1160 1560 otn-

190 1589 332 1667 nibus„
1195 1638 1199 1643 .

289 1686 417 1770 Neque
442 1685 629 1770 quisquam
656 1698 690 1747 te
726 1685 771 1748 ad
796 1684 954 1750 crudelis
988 1711 1152 1772 poenas,

191 1799 252 1849 aut
271 1785 399 1850 acerba
424 1787 578 1864 judicia,
604 1787 762 1860 invocat,
785 1785 915 1868 quibus
941 1786 1067 1857 civitae
1098 1811 1154 1854 va·

191 1899 302 1947 ttatur
325 1886 446 1970 magis,
469 1907 576 1965 quam
610 1883 818 1971 corrigitur3
855 1883 920 1945 sed
945 1887 1000 1948 uti
1025 1910 1152 1973 pram

190 1997 302 2061 artes,
327 1983 509 2066 malasque
534 1982 717 2046 lubidines
746 1980 792 2045 ab
817 1983 1005 2060 juventute
1023 1989 1165 2075 prohi-'

191 2081 288 2163 beas.

22 2222 40 2265 ,ι
120 2185 167 2242 lo
290 2179 339 2245 Ea
363 2200 442 2242 vera
477 2179 667 2245 clementia
701 2179 789 2256 erit,
818 2181 1071 2267 consuluisse,
1096 2205 1145 2249 ne
1182 2202 1214 2249 ⁸.

191 2279 369 2343 immerito
403 2279 495 2344 cives
534 2281 647 2363 patria
672 2277 977 2361 expellerentur3
1010 2282 1148 2348 retinu-
1187 2290 1200 2325 ⁰

127 2384 130 2389 ’
192 2379 319 2441 isseab
346 2377 493 2441 stultitia
520 2390 556 2439 et
585 2378 683 2442 falsis
703 2378 963 2458 voluptatibus,
983 2358 1204 2495 paoem-3⁴

193 2475 422 2541 concordiam
445 2474 677 2543 stabilivisse:
696 2497 788 2548 non,
806 2475 854 2550 si,
880 2477 1043 2565 flagitiis
1047 2481 1157 2585 obse·

193 2589 343 2659 qantos,
366 2572 499 2638 delicta
529 2595 738 2658 perpessus,
772 2593 940 2655 praesens
970 2546 1157 2666 gaudium
1210 2618 1214 2635 ι

190 2694 272 2736 cum
299 2693 379 2734 mor
389 2669 521 2736 tuturo
543 2676 638 2737 malo
661 2673 890 2736 concesseris.

285 2774 339 2834 Ac
360 2767 447 2833 mibi
467 2772 631 2848 animus,
620 2754 781 2855 quibus
794 2770 899 2835 rebus
912 2771 975 2837 alii
994 2775 1147 2855 timent,

188 2891 350 2936 maxume
380 2869 492 2934 fretus
525 2882 610 2948 est,
650 2867 786 2957 negotii
824 2871 1146 2958 magnitudine-et

184 2966 274 3052 'quia
293 2967 357 3029 tibi
378 2979 490 3034 terrae
513 2983 549 3030 et
574 2966 683 3031 maria
705 2965 813 3031 simul
844 2970 984 3032 omnia
997 2996 1145 3060 compo·

188 3067 305 3132 nenda
331 3078 424 3137 sunt
475 3039 616 3151 Quippe
632 3087 688 3130 res
704 3083 824 3150 parvas
844 3071 1011 3165 tantum*
1000 3072 1145 3167 ingeni·

188 3188 249 3227 um
286 3164 470 3251 adtingere
505 3165 651 3250 nequit:
682 3183 830 3254 magnac
866 3158 972 3232 curae
1013 3180 1146 3261 magna

181 3282 323 3326 merces
351 3276 420 3327 e'st.

158 3370 160 3375 ’
286 3359 396 3448 igitur
430 3360 612 3442 provideas
645 3373 800 3446 oportet,
833 3361 1143 3448 uttplebes,1ar·

166 3457 402 3547 Jgitionibus,
426 3472 460 3523 et
478 3460 624 3544 publico
649 3461 830 3528 frumento
866 3475 1053 3548 corrupta,
1079 3454 1141 3532 ἧκ’·
1185 3478 1192 3543 ’,
