2580 4492
325 320 328 327 ⁸
416 262 426 271 -·
517 227 709 335 &¹1³⁴
786 256 833 270 -

255 401 333 464 thae
351 399 462 482 fesso,
478 419 536 470 aut
552 401 743 483 majoribus
755 400 919 468 adstricto
939 404 1207 486 superaverantr‘

257 519 298 563 ex
324 519 394 582 quo
414 500 472 566 illi
492 501 607 591 'gloria
628 521 785 587 opesque
810 500 985 564 inventae.
1031 565 1039 580 ,x

256 658 259 669 .
319 661 324 666 .
352 596 461 685 Igitur
487 602 675 682 utriusque
704 599 854 666 consilio
873 597 950 663 dies
970 594 1107 661 insidiis
1133 607 1197 660 sta·

237 693 398 771 „ruitur
433 712 568 776 cetera,
596 699 649 761 uti
684 717 738 763 res
763 710 944 784 posceret,
976 715 1018 758 ex
1041 688 1199 781 ternpore
1232 756 1236 763 ,

255 795 371 876 parari
403 794 547 878 placuit

351 890 524 960 Nabdalsa
553 895 598 970 ad
631 892 821 973 exercitum
857 876 1066 980 profectus,
1094 906 1200 973 quem

235 986 351 1052 'inter
378 991 524 1058 hiberna
557 992 828 1065 Romanorum
816 1010 930 1071 Jussus
953 987 1126 1069 habebat,
1151 1005 1199 1049 ne

201 1125 204 1133 -
255 1107 360 1175 ager,
386 1081 509 1158 inultis
528 1091 709 1168 hostibus,
734 1101 935 1156 vastaretur.

311 1262 313 1266 p
354 1184 386 1250 ls
409 1201 614 1275 postquam,
648 1187 893 1280 magnitudine
927 1180 1094 1253 facinoris
1121 1203 1202 1265 per·

138 1367 143 1377 Ι
214 1323 221 1338 ι
255 1283 406 1369 culeus,
430 1286 474 1352 ad
505 1302 645 1371 tempus
670 1309 743 1352 non
770 1285 886 1365 venit,
913 1297 1097 1366 metusque
1123 1301 1200 1343 rem

256 1382 503 1466 impediebat;
537 1385 712 1452 Bomilcar
745 1384 849 1450 simul
875 1383 1025 1468 cupidus
1058 1378 1201 1462 incepta

256 1478 446 1562 patrandi,
474 1498 509 1547 et
542 1485 666 1548 timore
691 1482 778 1548 socii
807 1482 947 1557 anxius,
972 1501 1038 1557 ne,
1072 1478 1215 1541 omisso.

258 1587 378 1643 vetere
401 1581 570 1661 consilio,
602 1604 733 1647 novum
757 1589 960 1663 quaereret,
999 1577 1120 1640 literas
1154 1573 1201 1639 ad

235 1696 340 1756 ¹eum
360 1698 424 1762 per
448 1668 745 1754 bomiues'fidelis
776 1676 901 1753 mittit,
926 1672 1115 1739 mollitiem
1147 1689 1201 1732 so·

258 1774 486 1861 cordiamquc
516 1779 582 1842 viri
609 1780 798 1853 adcurare,
831 1772 964 1847 testari·
981 1772 1096 1849 deos,
1130 1787 1198 1853 per

224 1925 226 1930 .
259 1893 348 1956 quor
372 1876 571 1954 juravisset,
596 1876 750 1962 praemia
769 1870 943 1941 Metelli
932 1890 972 1941 ιιι
997 1867 1134 1966 pestem
1155 1887 1202 1939 ne

257 1984 499 2051 converterett
534 1976 723 2063 Jugurthae
757 1971 902 2036 esitium
934 1967 1081 2050 adesse,
1108 1976 1201 2028 cete·

160 2137 163 2145 ,
256 2089 338 2130 rum
362 2090 489 2145 suane,
516 2073 704 2133 anvirtute
728 2070 866 2133 Metelli
890 2066 1048 2158 periret,
1071 2010 1112 2127 id
1128 2083 1200 2124 mo·

256 2164 303 2226 do
331 2165 472 2251 agitari·
496 2167 646 2250 proinde
678 2175 857 2263 reputaret
879 2183 960 2227 cum
982 2162 1098 2224 animo
1116 2179 1200 2237 suo,

209 2263 429 2347 praemia,
457 2267 713 2351 anc'ruciatum
738 2247 869 2329 mallet
961 2306 963 2314 ·

186 2373 228 2441 tt
355 2363 424 2426 Sed
447 2374 556 2445 quum
576 2365 642 2428 hae
660 2343 784 2427 literae
807 2359 960 2436 adlatae,
995 2358 1088 2421 forte
1107 2351 1198 2431 Nah-

256 2459 367 2536 dalsa,
395 2461 548 2525 exercito
580 2468 727 2545 oo'rpore
756 2454 922 2534 lessus,
913 2457 1068 2528 inlecto
1098 2452 1198 2537 quie·

175 2581 179 2589 ·
254 2548 387 2630 scebat.
412 2558 500 2636 Ubi,
528 2561 675 2648 cognitis
698 2554 902 2621 Bomilcaris
920 2552 1055 2650 serbis,
1085 2551 1198 2638 primo

190 2715 193 2722 .
256 2676 363 2736 cura,
390 2655 538 2744 deinde,
566 2659 617 2723 uti
636 2679 778 2748 aegrum
794 2653 950 2730 animum
974 2653 1085 2730 solet,
1109 2670 1198 2721 som·

255 2777 322 2834 nus
349 2755 453 2852 cepit.
1205 2759 1209 2767 '

350 2854 433 2919 Erat
459 2857 491 2917 ei
513 2832 664 2924 Numida
686 2851 829 2937 quidam
854 2852 1075 2938 negotiorum
1102 2821 1199 2917 cura·

255 2963 329 3030 tor,
345 2953 436 3016 fidus
454 2966 708 3047 acceptusque,
728 2962 761 3014 et
781 2949 938 3014 omnium
956 2947 1196 3023 consiliorum,
1213 2988 1217 2993 -

220 3105 224 3121 ,
251 3049 323 3113 nisi
349 3049 559 3126 novissumi,
588 3050 773 3136 particeps.
789 3047 872 3126 ¹Qui
896 3062 1080 3135 postquam
1105 3045 1199 3109 adla-

255 3160 306 3212 tas
331 3147 449 3212 literas
468 3148 617 3227 audivit,
644 3170 684 3212 ex
709 3138 962 3212 consuetudine
988 3157 1094 3221 ratus,
1115 3163 1199 3230 ope·

254 3238 293 3307 'ra
319 3258 376 3306 aut
402 3248 545 3334 ingenio
561 3254 624 3312 suo
650 3266 736 3331 opus
754 3265 847 3320 esse,
873 3246 911 3309 in
928 3242 1197 3310 tabernaculum

252 3339 425 3405 introivit:
464 3345 661 3410 dormiente
686 3345 751 3408 illo
782 3342 982 3427 epistolam,
1008 3361 1115 3427 super
1143 3355 1198 3404 c'a·.

251 3451 316 3522 put
340 3441 376 3502 in
403 3443 549 3526 pulvino
574 3457 711 3511 temere
731 3442 914 3527 positam,
923 3443 1028 3506 sumit
1054 3461 1093 3504 ac
1118 3458 1200 3523 per·

200 3618 204 3629 ἡ
251 3536 360 3623 legit.-
401 3537 490 3603 Dein
516 3559 685 3645 propere,
713 3563 778 3627 cog
781 3541 862 3604 nitis
889 3540 1047 3617 insidiis,
1073 3537 1118 3601 ad
1142 3556 1199 3600 re·

253 3654 333 3730 gem
358 3638 484 3723 pergit

349 3730 550 3813 Nabdalsa,
586 3748 663 3822 post
696 3735 817 3820 paullo
845 3709 1103 3821 experrectus,
1135 3730 1201 3795 ubi

250 3850 369 3931 aeque
396 3832 577 3931 epistolam
602 3833 752 3920 reperit,
784 3849 817 3902 et
842 3855 917 3917 rem
943 3853 1112 3922 omnem,
1147 3828 1203 3910 uti
