2580 4492
129 591 249 670 Δ85

556 168 620 269 -’
683 206 751 279 156
824 194 873 261 -'·

194 442 222 449 -·
277 397 495 499 exagitandi,
517 382 726 462 concionem
744 393 870 484 populi
892 389 1080 467 advocavit,
1108 394 1225 469 Dein·

275 493 321 559 de
340 492 408 562 hoc
434 496 539 561 modo
565 495 740 561 disseruit.

371 594 472 679 „Scio
488 614 571 684 ego,
593 592 766 672 Quirites,
791 590 982 677 plerosque
995 612 1067 654 non
1091 561 1225 659 iisdem

273 694 428 775 „artibus
446 693 634 779 rmpcrlum
649 714 669 756 a
694 690 790 755 robis
806 703 947 774 petere,
966 703 1019 767 ct,
1037 702 1228 776 postquam

273 788 415 879 „adepti
440 806 541 867 suut,
564 810 688 879 gerere
710 815 720 852 z
753 790 869 875 primo
899 785 1115 869 industrios,
1140 811 1227 876 sup·

275 890 426 976 „plices,
451 888 609 954 modicos
636 910 732 976 esse‚·
756 886 887 954 dehinc
908 905 974 969 per
994 887 1169 975 ignaviam
1190 901 1229 953 et

275 987 498 1076 „superbiam
517 998 664 1052 aetatem
686 1008 801 1079 agere.
845 984 917 1050 Sed
937 984 1024 1048 mibi
1047 999 1171 1052 contra
1185 1007 1228 1052 ca

275 1086 446 1166 „videtur
484 1082 573 1150 Nam
599 1088 671 1170 quo
697 1086 857 1150 universa
883 1082 1084 1167 respublica
1110 1085 1228 1170 pluris

275 1196 366 1264 „cst,
394 1206 498 1269 quam
525 1182 725 1252 consulatur
748 1199 807 1250 aut
822 1194 1007 1271 praetura,
1029 1203 1071 1247 eo
1088 1185 1231 1264 majore
1257 1190 1270 1219 ⁹

279 1303 384 1364 „cura
410 1281 663 1360 administrari,
681 1277 794 1368 'quam
807 1285 894 1346 haeo
919 1280 993 1364 peti
1010 1279 1156 1346 debere.

374 1379 521 1467 „Neque
546 1403 603 1447 me
628 1381 740 1461 lallit,
762 1396 932 1466 quantum
946 1400 1040 1457 ¹cum
1063 1399 1234 1447 maxumo

278 1481 476 1562 „beneficio
502 1490 615 1544 cestro
631 1479 764 1566 negotii
783 1481 986 1547 sustineam.
1028 1538 1031 1547 ,

374 1576 537 1658 „Bellum
561 1597 703 1661 parare,
729 1577 835 1640 simul
871 1589 905 1641 ct
940 1574 1076 1639 aerario
1104 1597 1236 1658 parce·

176 1740 179 1749 .
279 1697 362 1757 „ret
387 1695 515 1765 cogere
541 1674 584 1741 ad
597 1674 778 1752 militiam,
795 1674 891 1759 quos'
907 1670 999 1738 nolis
1024 1671 1215 1738 offendere
1225 1695 1247 1758 3.

279 1775 398 1854 „domi
420 1770 577 1857 lorisque
599 1771 716 1838 omnia
735 1792 879 1853 curare,
898 1785 932 1837 et
952 1791 993 1835 ca
1010 1788 1115 1857 agere
1134 1770 1251 1861 iuter,

279 1872 462 1964 „invidos‚
483 1870 715 1948 occursantis,
741 1870 925 1950 factiosos,
944 1867 1126 1953 opinione,
1145 1867 1238 1947 Qui.

280 1970 596 2056 „rites‚·aspcrius
623 1983 685 2034 est.
721 1969 777 2032 Ad
802 1968 892 2048 hoc,
918 1967 981 2035 alii
1014 1965 1043 2028 si
1068 1965 1236 2052 delique.

281 2091 360 2149 „re,
393 2083 487 2132 vetus
508 2066 693 2142 nobilitas,
710 2071 882 2147 majorum
901 2065 992 2132 facta
1014 2062 1131 2142 fortia,
1152 2086 1236 2154 cog·

281 2180 467 2246 „natorum
488 2178 522 2227 et
545 2165 715 2229 adfinium
736 2185 841 2247 opes,
866 2165 999 2229 multae
1020 2161 1236 2244 clientelae,

281 2254 421 2347 ,brunia
436 2268 522 2327 haec
539 2259 714 2349 praesidio
742 2262 890 2326 adsunt·
913 2259 1000 2327 mibi
1016 2280 1094 2344 spes
1113 2281 1239 2329 omnes

283 2367 356 2441 „in
353 2374 499 2424 memet
524 2362 626 2439 sitae,
659 2380 743 2443 quas
769 2381 912 2426 necesse
941 2373 992 2424 est
1022 2367 1065 2421 et
1084 2352 1237 2441 virtute,

284 2473 341 2540 „et
371 2459 583 2531 innocentia,
602 2457 718 2520 tutari.
748 2452 836 2520 Nam
863 2461 931 2524 alia
964 2456 1102 2522 infirma
1138 2471 1234 2522 sunt.

382 2556 445 2636 „Et
467 2555 562 2620 illud
585 2554 769 2643 intellego,
797 2556 973 2634 Quirites,
995 2554 1154 2618 omnium
1176 2579 1237 2622 ora

286 2656 347 2736 „in
373 2677 429 2718 me
453 2675 617 2719 conversa
633 2673 727 2718 esse:
755 2675 883 2739 aequos
903 2658 1087 2736 bonosque
1114 2652 1236 2720 favere

288 2751 459 2846 „(quippe
480 2753 665 2817 benefacta
679 2774 756 2816 mea
771 2754 990 2838 reipublicae
1009 2752 1239 2841 procedunt):

287 2850 530 2935 „nobilitatem
551 2850 672 2913 locum
691 2849 882 2917 invadendi
905 2870 1088 2939 quaerere.

385 2949 484 3031 „Quo
509 2947 597 3009 mihi
624 2946 738 3013 aerius
767 2950 998 3016 adnitendum
1015 2961 1084 3027 cst,
1108 2961 1148 3012 ut
1175 2972 1242 3016 ne·

287 3044 378 3135 „que
399 3065 458 3110 vos
474 3045 680 3128 capiamini,
708 3060 742 3110 ct
765 3048 820 3110 illi
837 3047 963 3114 frustra
985 3046 1066 3114 sint.

386 3144 453 3227 „lta
475 3143 519 3206 ad
538 3138 605 3207 hoc
628 3145 808 3219 aerarius
790 3146 987 3229 apueritia
1006 3146 1084 3224 lui,
1106 3155 1146 3208 ut
1165 3168 1242 3209 om-

230 3226 231 3229 *
288 3243 364 3323 „uis
386 3241 546 3319 labores,
571 3263 630 3324 pe
629 3240 917 3337 iculpaconsueta
932 3245 1106 3312 habeam.

387 3340 504 3421 „Quae
530 3353 610 3402 ante
624 3324 930 3423 vestrabeneficia
960 3343 1110 3429 gratuito
1132 3340 1243 3406 lacie-

188 3463 194 3513 2
289 3436 410 3520 ‚‚bam,
437 3436 564 3518 cauti,
588 3451 729 3522 accepta
753 3439 942 3515 mercede,
969 3436 1147 3518 deseram,
1165 3463 1241 3527 non

290 3551 363 3619 „cst
395 3534 602 3612 consilium,
627 3536 793 3612 Quirites.
845 3536 919 3600 lllis
945 3538 1172 3625 difficiterr
1202 3521 1243 3601 in

238 3661 241 3687 :
290 3633 540 3719 „potestatibus
572 3646 796 3715 temperare,
834 3635 895 3718 qui
922 3657 985 3716 per
1013 3637 1244 3702 ambitionem

291 3753 388 3815 „sese
429 3730 557 3814 probos
596 3730 829 3794 simulavere:
859 3731 970 3811 mibi,
1002 3735 1065 3819 qui
1098 3757 1244 3799 omnem

243 3860 246 3866 ·
291 3840 461 3911 „aetatem
479 3829 516 3890 in
537 3827 675 3911 optimis
691 3828 822 3893 artibus
839 3829 914 3917 egi,
941 3829 1154 3901 benefacere
1169 3837 1244 3916 jam

294 3953 355 4008 „ex
377 3928 633 3995 cousuetudine
653 3926 691 3992 iu
711 3942 869 3992 naturam
895 3930 1007 3995 vertit.
