2580 4492
496 189 551 265 -’-’
622 208 689 277 152
766 241 814 259 -

232 404 353 471 ratus,
380 394 529 482 cognitis
555 394 713 473 Mauris,
739 392 906 480 quoniarir
931 395 960 459 is
985 414 1092 462 notus
1113 397 1175 460 ho·

231 495 518 584 atingaooesserat,
540 515 581 558 ex
605 493 790 573 commodo
817 497 972 583 p'ngoam
998 493 1126 559 faeere.

329 591 473 655 Interim
497 591 606 673 Roma
630 612 694 676 per
722 591 992 677 literaswcertior
1009 592 1072 671 fit,
1096 610 1176 676 pro·

231 678 380 753 vinciant
391 690 589 755 Numidiam
608 684 721 755 Mario
739 689 864 752 datam.
882 687 969 767 Nam
992 691 1175 761 consulem

231 787 384 864 tactum,
409 792 478 867 jam
499 801 597 851 antea
623 799 816 873 acceperat,

329 887 413 962 Quis
436 885 539 949 reb'us
559 905 668 969 nupta
701 883 834 949 bonum
854 899 959 970 atque
989 885 1177 948 honestum

212 995 220 1034 .’
231 985 437 1070 perculsus,
464 1005 581 1070 neque
600 984 772 1048 lacrumas
790 993 930 1060 tenere,
967 1003 1083 1066 neque
1103 1004 1177 1046 mo·

231 1079 345 1143 derari
368 1080 544 1169 linguam:
576 1083 627 1145 vir
659 1080 821 1170 egregius
845 1081 884 1146 in
912 1078 990 1146 aliis·
1016 1079 1147 1144 artibus
1168 1125 1179 1159 ‚

231 1178 334 1243 nimis
351 1181 507 1245 molliter
532 1178 788 1269 aegritudinem
806 1178 889 1265 pati.

327 1276 440 1354 Qyuam
476 1300 551 1343 rem
579 1279 639 1344 alii
671 1278 709 1342 in
740 1279 940 1362 snperbiam
970 1274 1177 1340 vertebant:
1240 1269 1245 1280 ’

193 1382 195 1387 ’
231 1375 291 1438 atii
318 1375 450 1440 bonum
475 1377 659 1467 ingenium
680 1377 895 1442 contumelia
915 1394 1102 1440 accensum
1123 1391 1176 1434 es·

136 1484 138 1490 '
156 1545 160 1549 .
179 1481 184 1499 ¹
230 1493 285 1537 te:
312 1476 433 1553 multi,
462 1477 557 1560 qnod
581 1477 650 1554 jam
667 1491 763 1559 parta
779 1475 924 1540 victoria
952 1494 993 1537 ex
1013 1469 1174 1534 manibus

198 1592 203 1601 ·
230 1570 439 1651 eriperetur.
472 1569 581 1636 Nobis
600 1574 679 1636 satis
705 1571 884 1658 cognitum
897 1616 913 1647 ,,
942 1568 1045 1633 illum
1065 1565 1175 1654 magis

229 1668 365 1733 honore
391 1670 519 1750 Marii,
546 1692 652 1753 quam
678 1669 808 1748 injuria
825 1690 886 1734 sua
905 1665 1143 1732 excruciatum
1163 1688 1174 1740 3

230 1787 348 1850 nequo
372 1764 442 1831 ta'm
457 1769 557 1834 anxie
574 1769 729 1834 latu-rum
753 1766 880 1846 tuisse,
899 1766 928 1831 si
940 1763 1074 1833 ademta
1093 1781 1176 1848 pro·

219 1861 345 1940 'tiocia
371 1866 450 1944 alii,
482 1889 586 1952 quam
610 1865 752 1945 Mario,
777 1861 987 1931 traderetur«

161 1963 203 2038 83
255 1968 258 1973 ’
329 1964 439 2051 igitur
469 1989 511 2029 eo
532 1965 654 2040 dolore
679 1963 888 2048 impeditus,
921 1956 1179 2045 etquiastulti·
1222 1963 1227 1968 “

192 2075 196 2080 ’
233 2061 300 2123 tiae
320 2063 521 2137 videbatur,
540 2060 690 2125 alienam
716 2083 789 2123 rem
816 2059 978 2144 periculo
999 2078 1060 2120 suo
1080 2075 1179 2120 eura·

229 2180 267 2221 re
284 2202 293 2236 ,
309 2158 441 2245 legatos
468 2160 509 2222 ad
537 2158 714 2221 Bocchum
733 2158 855 2230 mittit,
873 2156 1109 2241 postulatum,
1129 2173 1178 2241 ne

231 2257 306 2319 sine
328 2255 434 2320 cansa
461 2256 568 2329 hostio
584 2255 718 2340 populo
744 2253 901 2320 Romano
921 2246 1044 2324 fieret:=
1070 2251 1176 2315 habe·

230 2376 268 2416 re
293 2375 374 2417 eum
400 2350 558 2442 magnain
586 2354 723 2436 copiam
742 2354 917 2417 societatis
931 2349 1177 2438 amicitiaeque

231 2445 520 2537 conjungendae,
548 2473 638 2534 qnae
657 2451 773 2535 potior
798 2451 894 2522 betto
913 2464 1027 2524 essen
1054 2469 1176 2533 qnam·

233 2570 337 2632 quam
365 2550 490 2633 opibus
513 2550 746 2627 eoniideret,
778 2571 851 2613 nou
880 2549 1013 2613 debere
1040 2547 1176 2612 incerta

229 2663 293 2730 pro
326 2648 427 2711 certis
460 2639 746 2712 mutarez'omne
772 2645 908 2712 bellum
939 2644 1029 2711 sumi
1047 2644 1175 2723 facile,

228 2760 385 2811 ceterum
411 2767 617 2834 aegerrume
643 2747 826 2811 desineret
851 2769 924 2810 non
949 2748 985 2809 in
1014 2743 1174 2820 ejusdem

227 2860 392 2930 potestate
419 2845 559 2907 initium
589 2845 663 2922 ejus
692 2857 726 2905 et
751 2846 856 2908 stnem
890 2865 988 2909 esse:
1015 2843 1174 2925 incipere

229 2945 361 3020 cuivis,
382 2943 486 3005 etiam
509 2941 632 3028 ignavo
659 2940 787 3023 licere3
813 2943 1080 3027 deponitqnum
1106 2939 1177 3004 vin·
1219 2997 1222 3001 .

227 3058 320 3106 tores
342 3040 459 3105 velint.
485 3035 637 3101 Proinde
654 3030 731 3105 ‘sibi
746 3055 927 3128 regnoque
952 3038 1172 3117 contulerat

137 3154 141 3165 ·
220 3158 296 3209 *neu
323 3139 558 3203 {intentiores
587 3157 663 3203 suas
694 3161 773 3203 eum
799 3140 993 3228 Jugnrthae
1024 3136 1171 3222 perditis

227 3235 400 3300 misceret.

228 3344 231 3348 '
324 3335 378 3396 Ad
406 3356 444 3398 ea
467 3356 527 3398 rex
549 3323 630 3398 satis
661 3332 802 3418 placide
828 3334 931 3399 verba
960 3332 1065 3395 iacit:
1096 3351 1172 3396 sese

221 3451 350 3519 ‘paoem
372 3453 521 3517 cupere,
545 3434 605 3498 sed
621 3431 813 3518 Jugurthae
830 3434 1052 3498 fortunarum
1068 3431 1172 3494 mise·

228 3531 312 3595 reri.
339 3531 373 3593 Si
391 3531 511 3594 eadem
535 3528 591 3594 itti
609 3531 708 3614 copia
737 3534 853 3612 fieret,
879 3532 996 3594 omnia
1022 3550 1172 3593 eonven-

164 3711 166 3716 .
215 3644 316 3695 tura.
346 3626 477 3697 Rursus
496 3631 684 3716 imperator
710 3645 829 3697 eontra
846 3629 1018 3717 postulata
1041 3627 1171 3693 Bocchi
