2580 4492
469 189 637 303 '‘'54
715 253 761 269 .-

191 385 338 466 ilomani
373 401 555 468 inviolatos
588 422 663 467 sese
696 400 802 480 fore,
837 390 1031 464 Adherbali
1064 421 1144 464 sua·

191 501 296 578 dent,
329 502 381 565 uti
416 520 552 586 seque,
602 516 636 565 et
673 501 843 583 oppidum
860 501 1053 587 iugurthae
1074 513 1147 562 tra·

162 620 168 625 ·
194 599 271 660 dat:
296 612 430 663 tantum
452 598 495 665 ab
517 623 559 663 eo
579 601 684 662 sitam
703 602 920 681 paciscatur,
945 599 991 660 dc
1017 596 1151 660 ceteris

192 697 335 760 Senatui
359 719 463 762 curae
490 701 580 762 iore.
672 702 676 709 '

289 800 337 859 At
359 796 449 873 illc,
470 796 606 860 tametsi
632 797 747 859 omnia
765 795 900 881 potiora
927 794 997 857 fide
1017 789 1151 878 lugur-

191 894 271 957 tbac
296 893 461 973 rebatur3
479 894 560 978 quia
579 915 688 978 penes
705 898 866 970 eosdem,
890 893 929 960 si'
945 890 1164 969 advorsae·-

190 1002 269 1067 tur,
296 991 447 1078 cogendi
472 1006 620 1076 potestas
639 1007 730 1074 erat,
756 995 824 1068 ita,
850 992 903 1055 uti
936 1002 1153 1056 censuerant

190 1087 338 1164 Italici,
368 1089 589 1172 deditionem
614 1091 711 1154 lacit.

107 1267 111 1274 Ι
290 1186 458 1272 iugurtha
486 1190 524 1251 in
552 1189 674 1272 primis
702 1187 940 1252 Adherbalem
972 1183 1155 1250 excrucia·

194 1295 270 1345 tum
296 1298 414 1349 necat:
437 1285 522 1349 dein
539 1288 651 1351 omnis
669 1286 822 1372 puberes
842 1283 1009 1349 Numidas
1031 1297 1067 1347 et
1086 1304 1152 1345 ne·

195 1381 383 1466 gotiato'res
407 1388 629 1471 promiscue,
660 1386 712 1447 uti
736 1385 887 1470 quisque
910 1346 1058 1447 armatis
1085 1381 1152 1446 ob-

196 1479 304 1558 vius,
336 1478 563 1569 interiecits)
1205 1565 1209 1571 Α

156 1572 228 1659 17.
301 1578 404 1655 Quod
423 1572 606 1666 postquam
639 1577 769 1643 Romae
794 1580 987 1666 cognitum,
1021 1588 1056 1640 et
1092 1594 1180 1642 res.

106 1718 112 1724 -
197 1676 237 1738 in
260 1674 387 1741 Senatu
412 1681 535 1767 agitari
556 1690 691 1763 coepta,
711 1679 820 1740 iidem
834 1679 891 1740 illi
911 1667 1062 1740 ministri
1082 1673 1155 1739 Re·

198 1775 263 1861 gis*
275 1775 535 1864 interpellando
551 1799 592 1843 ac
616 1798 719 1861 saepe
738 1775 858 1863 gratia,
872 1776 1052 1841 interdum
1074 1775 1155 1852 iur-

198 1872 267 1967 giis
297 1877 468 1943 trahendo
501 1891 638 1964 tempus
653 1920 667 1948 ,
707 1876 924 1941 atrocitatem
955 1871 1177 1937 facti-leni·'

202 1969 320 2038 ebant.

297 2080 349 2135 Ac
375 2074 413 2135 ni
440 2071 477 2133 C.
495 2071 702 2147 Memmius,
719 2070 881 2133 tribunus
905 2067 1021 2151 plebis
1038 2065 1156 2157 desig·

202 2179 326 2248 natus,
345 2170 397 2232 vir
421 2190 501 2232 acer
520 2184 558 2231 et
572 2167 720 2231 infestus
736 2155 912 2253 potentiae
932 2163 1154 2244 nobilitatis,

201 2268 376 2349 populum
393 2266 588 2331 Romanum
608 2265 824 2344 edocuisset,
843 2263 906 2343 „id
921 2265 1000 2353 agi,
1018 2263 1070 2325 uti
1089 2285 1157 2347 pce

204 2385 359 2446 „paucos
385 2365 547 2428 factiosos
571 2365 765 2450 iugurthae
794 2365 908 2427 scelus
935 2361 1154 2426 condonare·
1202 2352 1206 2357 ’

204 2472 329 2538 3,tur,“
354 2464 515 2546 profecto
542 2464 654 2526 omnis
680 2461 812 2526 invidia
829 2460 1044 2546 prolatandis
1067 2479 1154 2521 con·

207 2559 453 2625 cultationibus
481 2561 613 2644 dilapsa
638 2574 721 2626 erat.
752 2559 863 2624 Tanta
883 2562 932 2624 vis
950 2560 1079 2648 gratiae
1105 2571 1157 2637 at·

208 2679 279 2740 que
304 2659 475 2742 pecuniae
508 2658 624 2744 Regis.
653 2716 661 2729 ,
1156 2660 1161 2667 “

225 2833 228 2837 ¹
305 2757 372 2818 bed
399 2759 460 2821 ubi
486 2758 630 2820 Senatus
653 2754 1014 2839 delicti-conscicntia
1038 2777 1153 2838 popu·

113 2902 140 2940 ‘.
205 2851 283 2918 lum
309 2855 435 2936 timet3
469 2855 548 2941 lege
570 2855 773 2938 Sempronia
798 2855 1001 2940 provinciae
1026 2855 1164 2919 futuris

209 2949 450 3029 Consulibus,
483 2950 649 3016 Numidia
685 2964 788 3037 atque
824 2954 924 3018 ltalia
964 2955 1160 3017 decretae:

211 3048 380 3114 Consules
407 3051 631 3114 declarantur
656 3047 693 3113 P.
720 3051 837 3134 Scipio
861 3050 1007 3132 Nasica,
1030 3049 1068 3114 L.
1094 3047 1163 3113 Be·

211 3149 276 3229 stia
303 3148 533 3232 Calpurnius3
561 3142 751 3234 Calpurnio
779 3148 964 3227 Numidia,
1002 3147 1161 3234 Scipioni

212 3245 316 3308 Italia
351 3247 501 3311 obvenit·
536 3247 672 3313 Deinde
697 3249 880 3324 exercitus
908 3249 1033 3331 quiin
1065 3247 1162 3310 Afri-

215 3365 291 3406 cam
325 3358 544 3428 portaretur,
581 3344 769 3411 scribitur:
802 3345 1039 3430 stipendium,
1065 3346 1166 3425 alia,

215 3463 306 3525 quae
333 3443 429 3506 bello
451 3446 531 3510 usui
561 3444 694 3523 forent,
720 3447 971 3508 decernuntur.

170 3545 216 3612 28
314 3543 358 3604 At
382 3544 564 3631 Juguttha,
591 3559 709 3608 contra
734 3563 832 3628 spem
855 3541 980 3605 nuntio
1007 3555 1166 3627 accepto,

218 3635 351 3723 quippe
378 3641 455 3719 cui,
480 3640 610 3704 Romae
637 3643 754 3705 omnia
776 3662 903 3704 venum
928 3641 1002 3726 ire,
1027 3642 1064 3704 in
1091 3642 1168 3739 api·

218 3762 277 3808 mo
301 3741 476 3821 haeserat,
502 3741 626 3836 *lilium
655 3751 696 3806 ct.
723 3760 804 3808 cum
829 3760 872 3807 eo
890 3741 963 3809 duo
980 3738 1190 3806 familiaris·
