2580 4492
441 208 509 297 4,-
585 258 655 325 292
730 276 778 294 ..-

193 431 336 517 perites.
373 428 460 497 Nam
478 452 659 518 pessumus
681 428 833 514 quisque
849 448 1068 514 asperrume
1082 452 1159 499 rec·

110 569 112 573 -
151 528 156 535 ’
193 541 306 594 torem
333 533 473 614 patitur.
876 521 879 526 ⁵

290 626 364 691 Sed
393 630 459 696 tibi
489 630 556 692 hoc
590 627 725 714 gravius
761 639 846 707 cst,‘¹
870 649 978 710 quam
1008 644 1100 694 ante
1126 645 1158 696 te

88 717 91 724 ¹
190 727 372 806 omuibus,
399 727 615 810 armisparta
643 746 869 816 componere.
917 786 922 792 .

290 827 432 891 Bellum
459 826 609 889 aliorum
631 844 718 909 pace
748 825 891 889 mollius
918 829 1088 915 gessisti:
1117 829 1158 893 ad

190 927 259 988 hoe
285 925 433 989 victores
453 922 629 1009 *praedam
643 934 791 1006 petunt,
816 923 902 987 victi·
934 928 1036 991 ciues
1059 941 1156 992 sunt.

192 1023 289 1108 luter
314 1021 629 1086 hasdifficultates
659 1021 878 1084 evadendum
906 1036 960 1088 est
987 1025 1083 1105 tibi5
1113 1030 1158 1090 ap·

195 1141 265 1203 quc
285 1119 322 1187 in
337 1135 518 1206 posterum
535 1118 703 1182 firmanda
721 1119 921 1203 respublica
941 1145 1022 1186 non
1048 1127 1156 1191 armis

30 1258 36 1269 ·
193 1222 320 1306 modo,
348 1218 667 1305 nequeadversum
683 1217 809 1295 hostis,
834 1221 915 1310 sed⁹
940 1223 1047 1303 quod
1065 1225 1157 1288 mul·

190 1330 228 1380 to
255 1321 391 1398 majus,
415 1317 599 1400 multoque
632 1306 789 1400 asperius
816 1330 886 1396 est,
921 1317 1031 1386 bonis
1059 1323 1156 1408 pacis

192 1415 370 1480 artibus.

184 1568 190 1576 s
270 1513 385 1601 ·Ergo
413 1510 528 1579 omnis
560 1509 700 1599 -uiogna
726 1511 977 1600 mediocrique
1016 1519 1155 1603 sapien·

197 1613 244 1676 tia
266 1634 321 1677 res
349 1614 419 1676 huc
445 1623 565 1678 vocat.
601 1633 692 1695 quae
719 1613 871 1698 quisque
898 1627 1048 1698 optuma
1080 1632 1152 1703 pot·

194 1726 265 1790 est,
304 1712 357 1774 utr
379 1711 510 1775 droant
561 1712 613 1773 Ao
638 1709 725 1773 mihi
751 1711 801 1774 sic
840 1712 1001 1775 videtur
1043 1713 1153 1809 quali-

196 1826 352 1895 cumque
377 1810 492 1874 modo
516 1822 555 1874 tu
581 1784 763 1874 victoriam
798 1813 1074 1933 composueris,
1107 1813 1150 1880 ita

197 1907 264 1973 alia
284 1907 402 1987 omnia
429 1908 561 1973 sutura.

292 2006 392 2069 Sed
381 1998 475 2085 jain,
502 2030 573 2091 quo
593 2006 722 2072 melius
745 2007 960 2091 faciliusque
984 2009 1149 2073 constitu·

74 2124 78 2131 ·
145 2088 148 2093 ¹
197 2125 253 2194 as,
278 2103 423 2190 paucis,
452 2126 542 2188 quae
570 2126 627 2168 me
657 2104 793 2168 animus
819 2118 978 2182 monet,
972 2108 1127 2192 accipe.
1165 2150 1168 2155 ,

293 2201 433 2265 Bellum
454 2202 518 2265 tibi
535 2203 621 2281 suit,
647 2201 860 2286 Imperator,
897 2224 979 2266 cum
1007 2198 1146 2270 homine

198 2301 315 2378 claro,
342 2302 478 2387 maguis
504 2301 650 2386 opibus,
676 2301 779 2364 avido
808 2302 1015 2394 potentiae,
1042 2307 1146 2382 majo·

192 2419 232 2462 re
250 2398 404 2470 fortuna,
421 2420 523 2479 quam
545 2397 737 2482 sapientia:
754 2422 871 2481 ¹quem
899 2404 1046 2485 sequuti
1071 2415 1146 2468 suut

190 2496 295 2579 pauci
319 2517 383 2579 per
401 2516 496 2558 suam
514 2486 682 2576 iujuriam
695 2495 763 2586 tibi
777 2498 914 2560 inimici
924 2524 934 2576 5
961 2500 1050 2564 iten
1063 2522 1143 2590 quos

192 2595 364 2671 adfinitas,
384 2609 441 2657 aut
455 2595 519 2658 alia
536 2593 785 2675 necessitudo,
811 2597 924 2660 traxit.
963 2591 1055 2665 Nam
1074 2622 1145 2686 par·

151 2686 153 2691 ’
190 2693 303 2776 ticeps
356 2694 605 2763 dominationis
656 2690 775 2778 neque
819 2695 889 2769 fuit
921 2689 1146 2783 quisquam

191 2812 311 2873 neque
341 2794 367 2852 si
407 2793 478 2874 pati
498 2792 688 2873 potuisset,
722 2791 817 2857 orbis
845 2797 1143 2861 terrarum·bello

147 2953 150 2961 ,
194 2911 384 2953 concussus
405 2890 512 2952 soret.
555 2890 675 2952 Cetera
701 2889 893 2954 multitudo
924 2894 1048 2982 volgi,
1074 2907 1142 2964 msi-
1183 2908 1187 2920 ¹

191 3007 231 3049 re
251 2989 381 3075 magis,
409 3009 514 3071 quam
528 2989 690 3067 judicio,
715 3003 794 3073 post
806 2990 896 3056 alius
908 2990 1042 3074 atium,
1065 3016 1144 3081 qua·

191 3085 221 3150 si
245 3087 512 3172 prudentiorem
534 3087 686 3170 sequuti.
976 3102 980 3108 '

196 3222 200 3229 -
294 3184 360 3246 Per
379 3187 475 3249 idem
494 3200 632 3270 tempus
646 3184 843 3281 maledictis
863 3187 1076 3279 iniquorum
1090 3213 1142 3256 oc·

184 3285 378 3370 ›supandae
405 3285 626 3371 reipublicae
660 3285 699 3350 in
732 3305 830 3369 spem
856 3285 1003 3350 adducti
1032 3290 1142 3391 homi·
